%YAML 1.1
%TAG !u! tag:unity3d.com,2011:
--- !u!1 &4811052814504300935
GameObject:
  m_ObjectHideFlags: 0
  m_CorrespondingSourceObject: {fileID: 0}
  m_PrefabInstance: {fileID: 0}
  m_PrefabAsset: {fileID: 0}
  serializedVersion: 6
  m_Component:
  - component: {fileID: 3936771704186616509}
  - component: {fileID: 928069298263527052}
  m_Layer: 9
  m_Name: GameObject
  m_TagString: Untagged
  m_Icon: {fileID: 0}
  m_NavMeshLayer: 0
  m_StaticEditorFlags: 0
  m_IsActive: 1
--- !u!4 &3936771704186616509
Transform:
  m_ObjectHideFlags: 0
  m_CorrespondingSourceObject: {fileID: 0}
  m_PrefabInstance: {fileID: 0}
  m_PrefabAsset: {fileID: 0}
  m_GameObject: {fileID: 4811052814504300935}
  m_LocalRotation: {x: 0, y: 0, z: 0, w: 1}
  m_LocalPosition: {x: 0, y: 1.89, z: 0}
  m_LocalScale: {x: 1, y: 1, z: 1}
  m_Children: []
  m_Father: {fileID: 8295356184516859232}
  m_RootOrder: 1
  m_LocalEulerAnglesHint: {x: 0, y: 0, z: 0}
--- !u!136 &928069298263527052
CapsuleCollider:
  m_ObjectHideFlags: 0
  m_CorrespondingSourceObject: {fileID: 0}
  m_PrefabInstance: {fileID: 0}
  m_PrefabAsset: {fileID: 0}
  m_GameObject: {fileID: 4811052814504300935}
  m_Material: {fileID: 0}
  m_IsTrigger: 0
  m_Enabled: 1
  m_Radius: 1.42
  m_Height: 3.03
  m_Direction: 1
  m_Center: {x: 0, y: 0, z: 0}
--- !u!1 &6885814389276620576
GameObject:
  m_ObjectHideFlags: 0
  m_CorrespondingSourceObject: {fileID: 0}
  m_PrefabInstance: {fileID: 0}
  m_PrefabAsset: {fileID: 0}
  serializedVersion: 6
  m_Component:
  - component: {fileID: 6885814389276620577}
  m_Layer: 9
  m_Name: Emitter
  m_TagString: LaserEmitter
  m_Icon: {fileID: 0}
  m_NavMeshLayer: 0
  m_StaticEditorFlags: 0
  m_IsActive: 1
--- !u!4 &6885814389276620577
Transform:
  m_ObjectHideFlags: 0
  m_CorrespondingSourceObject: {fileID: 0}
  m_PrefabInstance: {fileID: 0}
  m_PrefabAsset: {fileID: 0}
  m_GameObject: {fileID: 6885814389276620576}
  m_LocalRotation: {x: -0, y: -0, z: -0, w: 1}
  m_LocalPosition: {x: 0.69, y: 0.778, z: 1.586}
  m_LocalScale: {x: 1, y: 1, z: 1}
  m_Children: []
  m_Father: {fileID: 8295356185162215769}
  m_RootOrder: 6
  m_LocalEulerAnglesHint: {x: 0, y: 0, z: 0}
--- !u!1 &8295356184516364576
GameObject:
  m_ObjectHideFlags: 0
  m_CorrespondingSourceObject: {fileID: 0}
  m_PrefabInstance: {fileID: 0}
  m_PrefabAsset: {fileID: 0}
  serializedVersion: 6
  m_Component:
  - component: {fileID: 8295356184516859254}
  m_Layer: 9
  m_Name: RL_Lower_Leg_End
  m_TagString: Untagged
  m_Icon: {fileID: 0}
  m_NavMeshLayer: 0
  m_StaticEditorFlags: 0
  m_IsActive: 1
--- !u!4 &8295356184516859254
Transform:
  m_ObjectHideFlags: 0
  m_CorrespondingSourceObject: {fileID: 0}
  m_PrefabInstance: {fileID: 0}
  m_PrefabAsset: {fileID: 0}
  m_GameObject: {fileID: 8295356184516364576}
  m_LocalRotation: {x: 0.10173483, y: 0.9948116, z: -2.1928052e-14, w: -7.200635e-17}
  m_LocalPosition: {x: -1.5113238, y: -2.980214e-16, z: 1.240685e-16}
  m_LocalScale: {x: 1, y: 1, z: 1}
  m_Children:
  - {fileID: 8295356184516859248}
  m_Father: {fileID: 8295356184516859252}
  m_RootOrder: 0
  m_LocalEulerAnglesHint: {x: 0, y: 0, z: 0}
--- !u!1 &8295356184516364578
GameObject:
  m_ObjectHideFlags: 0
  m_CorrespondingSourceObject: {fileID: 0}
  m_PrefabInstance: {fileID: 0}
  m_PrefabAsset: {fileID: 0}
  serializedVersion: 6
  m_Component:
  - component: {fileID: 8295356184516859248}
  m_Layer: 9
  m_Name: RL_Foot
  m_TagString: Untagged
  m_Icon: {fileID: 0}
  m_NavMeshLayer: 0
  m_StaticEditorFlags: 0
  m_IsActive: 1
--- !u!4 &8295356184516859248
Transform:
  m_ObjectHideFlags: 0
  m_CorrespondingSourceObject: {fileID: 0}
  m_PrefabInstance: {fileID: 0}
  m_PrefabAsset: {fileID: 0}
  m_GameObject: {fileID: 8295356184516364578}
  m_LocalRotation: {x: 0.44653845, y: -0.54827315, z: 0.44653845, w: 0.54827315}
  m_LocalPosition: {x: 0.14438424, y: 0.07911989, z: 8.347132e-10}
  m_LocalScale: {x: 1, y: 1, z: 1}
  m_Children: []
  m_Father: {fileID: 8295356184516859254}
  m_RootOrder: 0
  m_LocalEulerAnglesHint: {x: 0, y: 0, z: 0}
--- !u!1 &8295356184516364580
GameObject:
  m_ObjectHideFlags: 0
  m_CorrespondingSourceObject: {fileID: 0}
  m_PrefabInstance: {fileID: 0}
  m_PrefabAsset: {fileID: 0}
  serializedVersion: 6
  m_Component:
  - component: {fileID: 8295356184516859242}
  m_Layer: 9
  m_Name: RL_Mid_Leg
  m_TagString: Untagged
  m_Icon: {fileID: 0}
  m_NavMeshLayer: 0
  m_StaticEditorFlags: 0
  m_IsActive: 1
--- !u!4 &8295356184516859242
Transform:
  m_ObjectHideFlags: 0
  m_CorrespondingSourceObject: {fileID: 0}
  m_PrefabInstance: {fileID: 0}
  m_PrefabAsset: {fileID: 0}
  m_GameObject: {fileID: 8295356184516364580}
  m_LocalRotation: {x: 0.09095834, y: -0.7012322, z: -0.09095834, w: 0.7012322}
  m_LocalPosition: {x: 2.8511298e-16, y: -0.46872836, z: -0.17301787}
  m_LocalScale: {x: 1, y: 1, z: 1}
  m_Children:
  - {fileID: 8295356184516859252}
  m_Father: {fileID: 8295356184516859240}
  m_RootOrder: 0
  m_LocalEulerAnglesHint: {x: 0, y: 0, z: 0}
--- !u!1 &8295356184516364582
GameObject:
  m_ObjectHideFlags: 0
  m_CorrespondingSourceObject: {fileID: 0}
  m_PrefabInstance: {fileID: 0}
  m_PrefabAsset: {fileID: 0}
  serializedVersion: 6
  m_Component:
  - component: {fileID: 8295356184516859252}
  - component: {fileID: 8197294087005699010}
  m_Layer: 9
  m_Name: RL_Lower_Leg
  m_TagString: Untagged
  m_Icon: {fileID: 0}
  m_NavMeshLayer: 0
  m_StaticEditorFlags: 0
  m_IsActive: 1
--- !u!4 &8295356184516859252
Transform:
  m_ObjectHideFlags: 0
  m_CorrespondingSourceObject: {fileID: 0}
  m_PrefabInstance: {fileID: 0}
  m_PrefabAsset: {fileID: 0}
  m_GameObject: {fileID: 8295356184516364582}
  m_LocalRotation: {x: -1.1185668e-17, y: 7.904959e-17, z: 0.77722245, w: 0.6292259}
  m_LocalPosition: {x: -0.62567085, y: -0.0021534455, z: 2.8409715e-16}
  m_LocalScale: {x: 1, y: 1, z: 1}
  m_Children:
  - {fileID: 8295356184516859254}
  m_Father: {fileID: 8295356184516859242}
  m_RootOrder: 0
  m_LocalEulerAnglesHint: {x: 0, y: 0, z: 0}
--- !u!65 &8197294087005699010
BoxCollider:
  m_ObjectHideFlags: 0
  m_CorrespondingSourceObject: {fileID: 0}
  m_PrefabInstance: {fileID: 0}
  m_PrefabAsset: {fileID: 0}
  m_GameObject: {fileID: 8295356184516364582}
  m_Material: {fileID: 0}
  m_IsTrigger: 0
  m_Enabled: 0
  serializedVersion: 2
  m_Size: {x: 1.5371491, y: 0.9828607, z: 1.0197625}
  m_Center: {x: -0.26857385, y: 0.008570322, z: 0.2087482}
--- !u!1 &8295356184516364584
GameObject:
  m_ObjectHideFlags: 0
  m_CorrespondingSourceObject: {fileID: 0}
  m_PrefabInstance: {fileID: 0}
  m_PrefabAsset: {fileID: 0}
  serializedVersion: 6
  m_Component:
  - component: {fileID: 8295356184516859210}
  - component: {fileID: 2428723192826373202}
  m_Layer: 9
  m_Name: RR_Lower_Leg
  m_TagString: Untagged
  m_Icon: {fileID: 0}
  m_NavMeshLayer: 0
  m_StaticEditorFlags: 0
  m_IsActive: 1
--- !u!4 &8295356184516859210
Transform:
  m_ObjectHideFlags: 0
  m_CorrespondingSourceObject: {fileID: 0}
  m_PrefabInstance: {fileID: 0}
  m_PrefabAsset: {fileID: 0}
  m_GameObject: {fileID: 8295356184516364584}
  m_LocalRotation: {x: -3.7949615e-18, y: 2.6818938e-17, z: 0.77722174, w: 0.62922686}
  m_LocalPosition: {x: 0.62567127, y: 0.0021539968, z: 0}
  m_LocalScale: {x: 1, y: 1, z: 1}
  m_Children:
  - {fileID: 8295356184516859220}
  m_Father: {fileID: 8295356184516859208}
  m_RootOrder: 0
  m_LocalEulerAnglesHint: {x: 0, y: 0, z: 0}
--- !u!65 &2428723192826373202
BoxCollider:
  m_ObjectHideFlags: 0
  m_CorrespondingSourceObject: {fileID: 0}
  m_PrefabInstance: {fileID: 0}
  m_PrefabAsset: {fileID: 0}
  m_GameObject: {fileID: 8295356184516364584}
  m_Material: {fileID: 0}
  m_IsTrigger: 0
  m_Enabled: 0
  serializedVersion: 2
  m_Size: {x: 1.4524714, y: 1.0706385, z: 1.070218}
  m_Center: {x: 0.22623536, y: -0.19532165, z: -0.25983012}
--- !u!1 &8295356184516364586
GameObject:
  m_ObjectHideFlags: 0
  m_CorrespondingSourceObject: {fileID: 0}
  m_PrefabInstance: {fileID: 0}
  m_PrefabAsset: {fileID: 0}
  serializedVersion: 6
  m_Component:
  - component: {fileID: 8295356184516859220}
  m_Layer: 9
  m_Name: RR_Lower_Leg_End
  m_TagString: Untagged
  m_Icon: {fileID: 0}
  m_NavMeshLayer: 0
  m_StaticEditorFlags: 0
  m_IsActive: 1
--- !u!4 &8295356184516859220
Transform:
  m_ObjectHideFlags: 0
  m_CorrespondingSourceObject: {fileID: 0}
  m_PrefabInstance: {fileID: 0}
  m_PrefabAsset: {fileID: 0}
  m_GameObject: {fileID: 8295356184516364586}
  m_LocalRotation: {x: 0.10173483, y: 0.9948116, z: -2.1265375e-14, w: -4.237333e-18}
  m_LocalPosition: {x: 1.5113276, y: 0.00000010320206, z: 0}
  m_LocalScale: {x: 1, y: 1, z: 1}
  m_Children:
  - {fileID: 8295356184516859222}
  m_Father: {fileID: 8295356184516859210}
  m_RootOrder: 0
  m_LocalEulerAnglesHint: {x: 0, y: 0, z: 0}
--- !u!1 &8295356184516364588
GameObject:
  m_ObjectHideFlags: 0
  m_CorrespondingSourceObject: {fileID: 0}
  m_PrefabInstance: {fileID: 0}
  m_PrefabAsset: {fileID: 0}
  serializedVersion: 6
  m_Component:
  - component: {fileID: 8295356184516859214}
  m_Layer: 9
  m_Name: RR_Upper_Leg
  m_TagString: Untagged
  m_Icon: {fileID: 0}
  m_NavMeshLayer: 0
  m_StaticEditorFlags: 0
  m_IsActive: 1
--- !u!4 &8295356184516859214
Transform:
  m_ObjectHideFlags: 0
  m_CorrespondingSourceObject: {fileID: 0}
  m_PrefabInstance: {fileID: 0}
  m_PrefabAsset: {fileID: 0}
  m_GameObject: {fileID: 8295356184516364588}
  m_LocalRotation: {x: 0.93737036, y: 0.06261857, z: 0.23994702, w: -0.24462453}
  m_LocalPosition: {x: 0.727328, y: -0.036539998, z: -0.634498}
  m_LocalScale: {x: 1, y: 1, z: 1}
  m_Children:
  - {fileID: 8295356184516859208}
  m_Father: {fileID: 8295356184516859234}
  m_RootOrder: 4
  m_LocalEulerAnglesHint: {x: 0, y: 0, z: 0}
--- !u!1 &8295356184516364590
GameObject:
  m_ObjectHideFlags: 0
  m_CorrespondingSourceObject: {fileID: 0}
  m_PrefabInstance: {fileID: 0}
  m_PrefabAsset: {fileID: 0}
  serializedVersion: 6
  m_Component:
  - component: {fileID: 8295356184516859208}
  m_Layer: 9
  m_Name: RR_Mid_Leg
  m_TagString: Untagged
  m_Icon: {fileID: 0}
  m_NavMeshLayer: 0
  m_StaticEditorFlags: 0
  m_IsActive: 1
--- !u!4 &8295356184516859208
Transform:
  m_ObjectHideFlags: 0
  m_CorrespondingSourceObject: {fileID: 0}
  m_PrefabInstance: {fileID: 0}
  m_PrefabAsset: {fileID: 0}
  m_GameObject: {fileID: 8295356184516364590}
  m_LocalRotation: {x: 0.090957925, y: -0.70123225, z: -0.090957925, w: 0.70123225}
  m_LocalPosition: {x: -1.4210854e-16, y: 0.46872002, z: 0.17301795}
  m_LocalScale: {x: 1, y: 1, z: 1}
  m_Children:
  - {fileID: 8295356184516859210}
  m_Father: {fileID: 8295356184516859214}
  m_RootOrder: 0
  m_LocalEulerAnglesHint: {x: 0, y: 0, z: 0}
--- !u!1 &8295356184516364592
GameObject:
  m_ObjectHideFlags: 0
  m_CorrespondingSourceObject: {fileID: 0}
  m_PrefabInstance: {fileID: 0}
  m_PrefabAsset: {fileID: 0}
  serializedVersion: 6
  m_Component:
  - component: {fileID: 8295356184516859216}
  m_Layer: 9
  m_Name: Mount_Top
  m_TagString: Untagged
  m_Icon: {fileID: 0}
  m_NavMeshLayer: 0
  m_StaticEditorFlags: 0
  m_IsActive: 1
--- !u!4 &8295356184516859216
Transform:
  m_ObjectHideFlags: 0
  m_CorrespondingSourceObject: {fileID: 0}
  m_PrefabInstance: {fileID: 0}
  m_PrefabAsset: {fileID: 0}
  m_GameObject: {fileID: 8295356184516364592}
  m_LocalRotation: {x: 0, y: -0, z: -0, w: 1}
  m_LocalPosition: {x: 3.1554436e-32, y: -0.0734, z: 0}
  m_LocalScale: {x: 1, y: 1, z: 1}
  m_Children:
  - {fileID: 8295356184516859228}
  - {fileID: 8295356185162215769}
  m_Father: {fileID: 8295356184516859244}
  m_RootOrder: 0
  m_LocalEulerAnglesHint: {x: 0, y: 0, z: 0}
--- !u!1 &8295356184516364594
GameObject:
  m_ObjectHideFlags: 0
  m_CorrespondingSourceObject: {fileID: 0}
  m_PrefabInstance: {fileID: 0}
  m_PrefabAsset: {fileID: 0}
  serializedVersion: 6
  m_Component:
  - component: {fileID: 8295356184516859218}
  - component: {fileID: 8295356184513467716}
  - component: {fileID: 8295356184514434948}
  m_Layer: 9
  m_Name: Legs_Top_Cap_Lt_Geom
  m_TagString: Untagged
  m_Icon: {fileID: 0}
  m_NavMeshLayer: 0
  m_StaticEditorFlags: 0
  m_IsActive: 1
--- !u!4 &8295356184516859218
Transform:
  m_ObjectHideFlags: 0
  m_CorrespondingSourceObject: {fileID: 0}
  m_PrefabInstance: {fileID: 0}
  m_PrefabAsset: {fileID: 0}
  m_GameObject: {fileID: 8295356184516364594}
  m_LocalRotation: {x: 0, y: -0, z: -0, w: 1}
  m_LocalPosition: {x: -0, y: 0, z: 0}
  m_LocalScale: {x: 1, y: 1, z: 1}
  m_Children: []
  m_Father: {fileID: 8295356184516859228}
  m_RootOrder: 0
  m_LocalEulerAnglesHint: {x: 0, y: 0, z: 0}
--- !u!33 &8295356184513467716
MeshFilter:
  m_ObjectHideFlags: 0
  m_CorrespondingSourceObject: {fileID: 0}
  m_PrefabInstance: {fileID: 0}
  m_PrefabAsset: {fileID: 0}
  m_GameObject: {fileID: 8295356184516364594}
  m_Mesh: {fileID: 4300004, guid: 619e57828f65e424ea06ce2df0689529, type: 3}
--- !u!23 &8295356184514434948
MeshRenderer:
  m_ObjectHideFlags: 0
  m_CorrespondingSourceObject: {fileID: 0}
  m_PrefabInstance: {fileID: 0}
  m_PrefabAsset: {fileID: 0}
  m_GameObject: {fileID: 8295356184516364594}
  m_Enabled: 1
  m_CastShadows: 1
  m_ReceiveShadows: 1
  m_DynamicOccludee: 1
  m_MotionVectors: 1
  m_LightProbeUsage: 0
  m_ReflectionProbeUsage: 1
  m_RenderingLayerMask: 1
  m_RendererPriority: 0
  m_Materials:
  - {fileID: 2100000, guid: 8b80dc1528f0e484caffd647f123bdd6, type: 2}
  m_StaticBatchInfo:
    firstSubMesh: 0
    subMeshCount: 0
  m_StaticBatchRoot: {fileID: 0}
  m_ProbeAnchor: {fileID: 0}
  m_LightProbeVolumeOverride: {fileID: 0}
  m_ScaleInLightmap: 1
  m_PreserveUVs: 0
  m_IgnoreNormalsForChartDetection: 0
  m_ImportantGI: 0
  m_StitchLightmapSeams: 0
  m_SelectedEditorRenderState: 3
  m_MinimumChartSize: 4
  m_AutoUVMaxDistance: 0.5
  m_AutoUVMaxAngle: 89
  m_LightmapParameters: {fileID: 0}
  m_SortingLayerID: 0
  m_SortingLayer: 0
  m_SortingOrder: 0
--- !u!1 &8295356184516364596
GameObject:
  m_ObjectHideFlags: 0
  m_CorrespondingSourceObject: {fileID: 0}
  m_PrefabInstance: {fileID: 0}
  m_PrefabAsset: {fileID: 0}
  serializedVersion: 6
  m_Component:
  - component: {fileID: 8295356184516859222}
  m_Layer: 9
  m_Name: RR_Foot
  m_TagString: Untagged
  m_Icon: {fileID: 0}
  m_NavMeshLayer: 0
  m_StaticEditorFlags: 0
  m_IsActive: 1
--- !u!4 &8295356184516859222
Transform:
  m_ObjectHideFlags: 0
  m_CorrespondingSourceObject: {fileID: 0}
  m_PrefabInstance: {fileID: 0}
  m_PrefabAsset: {fileID: 0}
  m_GameObject: {fileID: 8295356184516364596}
  m_LocalRotation: {x: 0.4465384, y: -0.5482732, z: 0.4465384, w: 0.5482732}
  m_LocalPosition: {x: -0.14438474, y: -0.079122305, z: 0.0000000051849547}
  m_LocalScale: {x: 1, y: 1, z: 1}
  m_Children: []
  m_Father: {fileID: 8295356184516859220}
  m_RootOrder: 0
  m_LocalEulerAnglesHint: {x: 0, y: 0, z: 0}
--- !u!1 &8295356184516364598
GameObject:
  m_ObjectHideFlags: 0
  m_CorrespondingSourceObject: {fileID: 0}
  m_PrefabInstance: {fileID: 0}
  m_PrefabAsset: {fileID: 0}
  serializedVersion: 6
  m_Component:
  - component: {fileID: 8295356184516859244}
  m_Layer: 9
  m_Name: Top
  m_TagString: Untagged
  m_Icon: {fileID: 0}
  m_NavMeshLayer: 0
  m_StaticEditorFlags: 0
  m_IsActive: 1
--- !u!4 &8295356184516859244
Transform:
  m_ObjectHideFlags: 0
  m_CorrespondingSourceObject: {fileID: 0}
  m_PrefabInstance: {fileID: 0}
  m_PrefabAsset: {fileID: 0}
  m_GameObject: {fileID: 8295356184516364598}
  m_LocalRotation: {x: 0, y: -8.1526285e-19, z: 0, w: 1}
  m_LocalPosition: {x: 0, y: 0.75, z: 0}
  m_LocalScale: {x: 1, y: 1, z: 1}
  m_Children:
  - {fileID: 8295356184516859216}
  m_Father: {fileID: 8295356184516859234}
  m_RootOrder: 5
  m_LocalEulerAnglesHint: {x: 0, y: 0, z: 0}
--- !u!1 &8295356184516364604
GameObject:
  m_ObjectHideFlags: 0
  m_CorrespondingSourceObject: {fileID: 0}
  m_PrefabInstance: {fileID: 0}
  m_PrefabAsset: {fileID: 0}
  serializedVersion: 6
  m_Component:
  - component: {fileID: 8295356184516859228}
  m_Layer: 9
  m_Name: Legs_Top_Cap_Lt
  m_TagString: Untagged
  m_Icon: {fileID: 0}
  m_NavMeshLayer: 0
  m_StaticEditorFlags: 0
  m_IsActive: 1
--- !u!4 &8295356184516859228
Transform:
  m_ObjectHideFlags: 0
  m_CorrespondingSourceObject: {fileID: 0}
  m_PrefabInstance: {fileID: 0}
  m_PrefabAsset: {fileID: 0}
  m_GameObject: {fileID: 8295356184516364604}
  m_LocalRotation: {x: 0, y: 0, z: 0, w: 1}
  m_LocalPosition: {x: -3.1554436e-32, y: 0.0077942386, z: 0}
  m_LocalScale: {x: 1, y: 1, z: 1}
  m_Children:
  - {fileID: 8295356184516859218}
  m_Father: {fileID: 8295356184516859216}
  m_RootOrder: 0
  m_LocalEulerAnglesHint: {x: 0, y: 0, z: 0}
--- !u!1 &8295356184516364608
GameObject:
  m_ObjectHideFlags: 0
  m_CorrespondingSourceObject: {fileID: 0}
  m_PrefabInstance: {fileID: 0}
  m_PrefabAsset: {fileID: 0}
  serializedVersion: 6
  m_Component:
  - component: {fileID: 8295356184516859232}
  m_Layer: 9
  m_Name: ROOT
  m_TagString: Untagged
  m_Icon: {fileID: 0}
  m_NavMeshLayer: 0
  m_StaticEditorFlags: 0
  m_IsActive: 1
--- !u!4 &8295356184516859232
Transform:
  m_ObjectHideFlags: 0
  m_CorrespondingSourceObject: {fileID: 0}
  m_PrefabInstance: {fileID: 0}
  m_PrefabAsset: {fileID: 0}
  m_GameObject: {fileID: 8295356184516364608}
  m_LocalRotation: {x: 0, y: -0, z: -0, w: 1}
  m_LocalPosition: {x: -0, y: 0, z: 0}
  m_LocalScale: {x: 1, y: 1, z: 1}
  m_Children:
  - {fileID: 8295356184516859234}
  - {fileID: 3936771704186616509}
  m_Father: {fileID: 8295356184516859236}
  m_RootOrder: 1
  m_LocalEulerAnglesHint: {x: 0, y: 0, z: 0}
--- !u!1 &8295356184516364610
GameObject:
  m_ObjectHideFlags: 0
  m_CorrespondingSourceObject: {fileID: 0}
  m_PrefabInstance: {fileID: 0}
  m_PrefabAsset: {fileID: 0}
  serializedVersion: 6
  m_Component:
  - component: {fileID: 8295356184516859234}
  m_Layer: 9
  m_Name: Pelvis
  m_TagString: Untagged
  m_Icon: {fileID: 0}
  m_NavMeshLayer: 0
  m_StaticEditorFlags: 0
  m_IsActive: 1
--- !u!4 &8295356184516859234
Transform:
  m_ObjectHideFlags: 0
  m_CorrespondingSourceObject: {fileID: 0}
  m_PrefabInstance: {fileID: 0}
  m_PrefabAsset: {fileID: 0}
  m_GameObject: {fileID: 8295356184516364610}
  m_LocalRotation: {x: -2.138117e-27, y: 4.4631347e-11, z: 1.110223e-16, w: 1}
  m_LocalPosition: {x: 0, y: 1.25, z: 0}
  m_LocalScale: {x: 1, y: 1, z: 1}
  m_Children:
  - {fileID: 8295356184516859250}
  - {fileID: 8295356184516859204}
  - {fileID: 8295356184516859246}
  - {fileID: 8295356184516859240}
  - {fileID: 8295356184516859214}
  - {fileID: 8295356184516859244}
  m_Father: {fileID: 8295356184516859232}
  m_RootOrder: 0
  m_LocalEulerAnglesHint: {x: 0, y: 0, z: 0}
--- !u!1 &8295356184516364612
GameObject:
  m_ObjectHideFlags: 0
  m_CorrespondingSourceObject: {fileID: 0}
  m_PrefabInstance: {fileID: 0}
  m_PrefabAsset: {fileID: 0}
  serializedVersion: 6
  m_Component:
  - component: {fileID: 8295356184516859236}
  - component: {fileID: 8295356184523799172}
  - component: {fileID: 6885814389079920999}
  - component: {fileID: 6885814389079920996}
  - component: {fileID: 6885814389079920997}
  - component: {fileID: 6885814389079920994}
  - component: {fileID: 6885814389079921016}
  m_Layer: 9
  m_Name: Legs_Spider_Lt_Laser
  m_TagString: Enemy
  m_Icon: {fileID: 0}
  m_NavMeshLayer: 0
  m_StaticEditorFlags: 0
  m_IsActive: 1
--- !u!4 &8295356184516859236
Transform:
  m_ObjectHideFlags: 0
  m_CorrespondingSourceObject: {fileID: 0}
  m_PrefabInstance: {fileID: 0}
  m_PrefabAsset: {fileID: 0}
  m_GameObject: {fileID: 8295356184516364612}
  m_LocalRotation: {x: 0, y: 0, z: 0, w: 1}
  m_LocalPosition: {x: 8.495482, y: 15.252686, z: 9.466737}
  m_LocalScale: {x: 1, y: 1, z: 1}
  m_Children:
  - {fileID: 8295356184516859238}
  - {fileID: 8295356184516859232}
  - {fileID: 7324961258032113226}
  m_Father: {fileID: 0}
  m_RootOrder: 0
  m_LocalEulerAnglesHint: {x: 0, y: 0, z: 0}
--- !u!95 &8295356184523799172
Animator:
  serializedVersion: 3
  m_ObjectHideFlags: 0
  m_CorrespondingSourceObject: {fileID: 0}
  m_PrefabInstance: {fileID: 0}
  m_PrefabAsset: {fileID: 0}
  m_GameObject: {fileID: 8295356184516364612}
  m_Enabled: 1
  m_Avatar: {fileID: 9000000, guid: 60977fd02627e9746a6773f6de2eceb9, type: 3}
  m_Controller: {fileID: 9100000, guid: c9e0be0e79e840a4a817cf857cfb466b, type: 2}
  m_CullingMode: 1
  m_UpdateMode: 0
  m_ApplyRootMotion: 1
  m_LinearVelocityBlending: 0
  m_WarningMessage: 
  m_HasTransformHierarchy: 1
  m_AllowConstantClipSamplingOptimization: 1
  m_KeepAnimatorControllerStateOnDisable: 0
--- !u!54 &6885814389079920999
Rigidbody:
  m_ObjectHideFlags: 0
  m_CorrespondingSourceObject: {fileID: 0}
  m_PrefabInstance: {fileID: 0}
  m_PrefabAsset: {fileID: 0}
  m_GameObject: {fileID: 8295356184516364612}
  serializedVersion: 2
  m_Mass: 50
  m_Drag: 0
  m_AngularDrag: 0.05
  m_UseGravity: 1
  m_IsKinematic: 0
  m_Interpolate: 0
  m_Constraints: 116
  m_CollisionDetection: 0
--- !u!114 &6885814389079920996
MonoBehaviour:
  m_ObjectHideFlags: 0
  m_CorrespondingSourceObject: {fileID: 0}
  m_PrefabInstance: {fileID: 0}
  m_PrefabAsset: {fileID: 0}
  m_GameObject: {fileID: 8295356184516364612}
  m_Enabled: 1
  m_EditorHideFlags: 0
  m_Script: {fileID: 11500000, guid: 07e984a483ad60344bfe18baaf8644cd, type: 3}
  m_Name: 
  m_EditorClassIdentifier: 
  go_pool: {fileID: 0}
  pool: {fileID: 0}
  go_ballPool: {fileID: 0}
  ballPool: {fileID: 0}
  go_sameSpeedPool: {fileID: 0}
  sameSpeedPool: {fileID: 0}
  go_bigBallOnePattern: {fileID: 0}
  bigBallOnePattern: {fileID: 0}
  laserColliderPool: {fileID: 0}
  chaseBubblePool: {fileID: 0}
  data: {fileID: 0}
  enemyTarget: {fileID: 0}
  emitterHolder: {fileID: 0}
  rotationSpeed: 1
  rotationAngleX: 0
  rotationAngleY: 0
  rotationAngleZ: 1
  bubbles: []
  bubblesIndex: 0
  bigBall: {fileID: 0}
  firstShootingCountDown: 0
  resetShootingTime: 0.3
  totalWaveShootingTime: 0
  rechargeTime: 0
  bubbleEmitter:
  - {fileID: 0}
  shootingTimeCountDown: 0
  totalWaveShootingTimeCountDown: 0
  rechargeTimeCountDown: 0
--- !u!114 &6885814389079920997
MonoBehaviour:
  m_ObjectHideFlags: 0
  m_CorrespondingSourceObject: {fileID: 0}
  m_PrefabInstance: {fileID: 0}
  m_PrefabAsset: {fileID: 0}
  m_GameObject: {fileID: 8295356184516364612}
  m_Enabled: 1
  m_EditorHideFlags: 0
  m_Script: {fileID: 11500000, guid: 809fab753e7b0ff4abc7d17beda0b1f6, type: 3}
  m_Name: 
  m_EditorClassIdentifier: 
  b_IsKyle: 0
  b_IsSpiderRobot: 0
  b_IsLongLegRobot: 0
  b_IsLastBoss: 0
  b_DefenseTower: 0
  b_IsNiceKyle: 0
  b_IsLaserSpiderRobot: 1
  b_IsKyleWall: 0
  currentState: 0
--- !u!114 &6885814389079920994
MonoBehaviour:
  m_ObjectHideFlags: 0
  m_CorrespondingSourceObject: {fileID: 0}
  m_PrefabInstance: {fileID: 0}
  m_PrefabAsset: {fileID: 0}
  m_GameObject: {fileID: 8295356184516364612}
  m_Enabled: 1
  m_EditorHideFlags: 0
  m_Script: {fileID: 11500000, guid: 31a466e1cd5ebd449a2fd16d8165c5a6, type: 3}
  m_Name: 
  m_EditorClassIdentifier: 
  enemy: {fileID: 0}
  thisEnemyCollider: {fileID: 0}
  bubbleShooter: {fileID: 0}
  controller: {fileID: 0}
  enemyTarget: {fileID: 6885814389079920997}
  fightSystem: {fileID: 0}
  healthPool: {fileID: 0}
  kaiwaWindow: {fileID: 0}
  laserHitEffectPool: {fileID: 0}
  rayDistance: 2
  Chase_speed: 0.15
  kyleSpeed: 0
  LongLegSpeed: 0.2
  target: {fileID: 0}
  ChaseRange: 1
  nextChaseSpeed: 0
  SightRange: 10
  Rotationspeed: 1.5
  kyleRotation: 0
  rb: {fileID: 0}
  movementVec: {x: 0, y: 0, z: 0}
  dirToPlayer: {x: 0, y: 0, z: 0}
  isChase: 0
  float_nextChase: 0
  float_chaseRate: 0
  fallingBackTime: 0
  fallingBackWaitTime: 0
  fallingStateLeaveTimer: 0
  fallingStateLeaveTimeSetting: 0
  fallingToStandUpTimer: 0
  fallingToStandUpTimeSetting: 0
  inBackRange: 0
  isBack: 0
  backSpeed: -2
  backSpeed_LongLeg: 0.1
  backSpeed_Spider: -0.1
  backRang: 5
  backWaitTimer: 0
  backWaitTimeSetting: 0
  shootingToWalkingTimer: 0
  shootingToWalkingTimeSetting: 0
  LongLegCanBackAgainTimer: 0
  LongLegCanBackAgainTimeSetting: 0
  backWaitTimerMelle: 0
  backWaitTimeMelleSetting: 0
  backWaitTimerKyle: 0
  backWaitTimeKyleSetting: 0
  f_SpiderCanBackAgainTimer: 0
  f_SpiderCanBackAgainTimeSetting: 0
  maxHp: 20000
  currentHp: 0
  isDead: 0
  deathTimer: 0
  C_Damage: 0
  onTriCount: 0
  float_Distance: 30
  float_checkInSight: 20
  float_SlowDownDistance: 0
  float_StopDistance: 0
  melleAttackD_Damage: 0
  melleAttack_Range: 0
  shoot_Damage: 0
  attackRate: 0
  nextAttack: 0
  bool_EnemyIsMoving: 0
  vec_EnemyCurrentVector: {x: 0, y: 0, z: 0}
  float_EnemyCurrentMoveForce: 0
  float_EnemyCurrentMoveSpeed: 0
  float_EnemyMaxSpeed: 0
  float_EnemyMaxRotateSpeed: 0
  float_EnemyTempRotateForce: 0
  bool_Attack: 0
  bool_EnemyHasRemoteAttackProperty: 1
  bool_RotateShootProperty: 0
  go_spiderTurret: {fileID: 8295356185161854329}
  go_spiderTurretEmitter: {fileID: 6885814389276620576}
  f_spiderTurretRotationSpeed: 1.5
  v_spiderAimingAngle: {x: 0, y: 0, z: 0}
  go_LaserParent: {fileID: 7112841992262698085}
  go_ChargeLaser: {fileID: 7112841992262657457}
  go_BeamLaser: {fileID: 7112841992262866615}
  go_SmokeAndSparks: {fileID: 7112841992262852521}
  go_EndLaser: {fileID: 7112841991175932100}
  go_LaserCollider: {fileID: 0}
  f_LaserTimer: 0
  f_LaserRechargeTimeSetting: 2
  f_LaserRechargeTimer: 0
  b_shootVisibleBubble: 0
  b_shootInvisibleBubble: 1
  b_laserColliderOn: 0
  f_LaserColliderShootSpeed: 0.02
  f_LaserColliderShootTimer: 0.02
  float_BubbleShootSpeed: 0.2
  float_FirstShootDelayTime: 1.5
  float_WaveShootTotalTime: 10
  float_WaveShootOverDelayTime: 5
  transArray_Emiiter:
  - {fileID: 6885814389276620577}
  int_BubbleDamage: 0
  float_ShootingDistance: 0
  float_RotationSpeed: 0
  defenseShield: {fileID: 0}
  HaveShield: 0
  Shield: {fileID: 0}
  shieldOpen: 0
  shieldRadius: 0
  shieldPower: 0
  bool_EnemyHasMelleAttackProperty: 0
  bool_InAttackRange: 0
  float_LookRotationSpeed: 0
  float_AttackRange: 10
  float_FirstAttackCountDown: 0
  float_FirstAttackDelayTime: 0
  float_MelleAttackRate: 0
  float_NextMelleAttack: 0
  f_KyleCrazyHealthRate: 0
  f_KyleCrazyTimer: 0
  f_KyleCrazyTimeSetting: 0
  i_KyleCrazyKaiwaPattern: 0
  int_MelleAttack_Damage: 0
  MelleAttackAnim: []
  anim: {fileID: 0}
  takeDamage: 0
  machineDamage: 0
  bladeFuryDamage: 0
  isFallingBackDown: 0
  isStandUp: 0
  IsFirstTimeAttack: 0
  IsFirstTimeShoot: 1
  i_KyleStateNumber: 0
  i_LongLegStateNumber: 0
  i_SpiderStateNumber: 0
  i_LaserSpiderStateNumber: 0
  f_LBMoveSpeed: 0.08
  f_LBRotationSpeed: 0.8
  f_LBdirToPlayer: 0
  f_LBTimer: 0
  f_LBTimerTemporarySave: 0
  i_LBStatePattern: 0
  b_LBRotating: 0
  b_LBMoving: 0
  b_LBJumping: 0
  b_LBAttacking: 0
  v_LBVectorChase: {x: 0, y: 0, z: 0}
  rb_LBrb: {fileID: 0}
  f_LBAttackPrepareRange: 8
  f_LBMelleAttackRange1: 3
  f_LBMelleAttackRange2: 4
  f_LBDeciedAttackRange: 0
  f_LBShootAttackRange: 10
  i_LBMelleAttackPattern: 0
  i_LBShootAttackPattern: 0
  b_LBEmitterRotate: 0
  f_LBLeaveStateDistance: 0
  i_LBHowManyIdleTimesToShootBigBall: 0
  f_LastBossStartActionRange: 0
  v_LBJumpTeleport: {x: 0, y: 0, z: 0}
  go_LBUnderCircleParticle: {fileID: 0}
  go_LBEmitterHolder: {fileID: 0}
  go_LBAttackEmitterHolder: {fileID: 0}
  go_LBJumpShoot: []
  go_LBShootCircle: []
  go_LBShootKome: []
  go_LBShootStar: []
  go_LBShootTriangle: []
  go_LBShootBigBall: []
  go_LBShootBigBall2: []
  go_LBShootAttack1: []
  go_LBShootBigBallTernado: []
  go_LBJumpShock: {fileID: 0}
  f_NKTimer: 0
  f_NKSpeakRange: 0
  f_NKMoveSpeed: 0
  f_NKRotateSpeed: 0
  i_NKStateNumber: 0
  b_NKRotate: 0
  q_NKStartAngle: {x: 0, y: 0, z: 0, w: 0}
  b_NKMove: 0
  otherEnemies: []
  f_NKAttackRange: 0
  v_NKdirToTarget: {x: 0, y: 0, z: 0}
  v_NKmoveVector: {x: 0, y: 0, z: 0}
  go_NKTargetPosition: []
  v_NKAngleToTarget: {x: 0, y: 0, z: 0}
  i_NKTargetPositionIndex: 0
  b_talkingKyle: 0
  b_fightingKyle: 0
  f_DistanceOfAllEnemiesToNiceKyle: 0
  b_enemiesInNiceKyleAttackRange: 0
  go_nearestEnemyToNiceKyle: {fileID: 0}
  f_DistanceOfNearstEnemyToNiceKyle: 0
  niceKyles: []
  go_nearestNiceKyleToBadKyle: {fileID: 0}
  b_badKyleFindNiceKyle: 0
  f_DistanceOfNiceKyleToBadKyle: 0
  f_DistanceOfNearestNiceKyleToBadKyle: 0
  b_BadKyleHitByPlayer: 0
  f_BadKyleSearchNiceKyleDistance: 5
  f_BadKyleAttackNiceKyleSpeed: 0
  lr_laserSpiderLaser: {fileID: 0}
  laserColliderPool: {fileID: 0}
  laserHitGroundEffectPool: {fileID: 0}
  f_laserHitGroundMakeEffectTime: 0.25
  i_KyleWallStateNumber: 0
  boss_data: {fileID: 0}
  boss_target: {fileID: 0}
  mainCamera: {fileID: 0}
  go_mainCamera: {fileID: 0}
  v_mainCameraStartPosition: {x: 0, y: 0, z: 0}
  cameraManager: {fileID: 0}
  cameraHolder: {fileID: 0}
  LBJumpShockWavePool: {fileID: 0}
  enemyBeHitEffectSoundPool: {fileID: 0}
  treasurePool: {fileID: 0}
  tm_NiceKyleBattleTri: {fileID: 0}
  tm_HeavenRoadTri: {fileID: 0}
  i_heavenTurrentState: 0
  i_heavenTurrentShootPattern: 0
  tm_BossAppearedTri: {fileID: 0}
  go_turrentEmitter: {fileID: 0}
  tr_turrentEmitter: []
  f_heavenTurrentRotationSpeed: 1.5
  b_SoundPlayStart: 0
  laserSoundEffectPool: {fileID: 0}
  go_LaserSound: {fileID: 0}
  i_dropItemRate: 0
--- !u!135 &6885814389079921016
SphereCollider:
  m_ObjectHideFlags: 0
  m_CorrespondingSourceObject: {fileID: 0}
  m_PrefabInstance: {fileID: 0}
  m_PrefabAsset: {fileID: 0}
  m_GameObject: {fileID: 8295356184516364612}
  m_Material: {fileID: 0}
  m_IsTrigger: 0
  m_Enabled: 1
  serializedVersion: 2
  m_Radius: 2.1169248
  m_Center: {x: 0, y: 1.6169248, z: 0}
--- !u!1 &8295356184516364614
GameObject:
  m_ObjectHideFlags: 0
  m_CorrespondingSourceObject: {fileID: 0}
  m_PrefabInstance: {fileID: 0}
  m_PrefabAsset: {fileID: 0}
  serializedVersion: 6
  m_Component:
  - component: {fileID: 8295356184516859238}
  - component: {fileID: 8295356184519541828}
  m_Layer: 9
  m_Name: Legs_Spider_Lt_Geom
  m_TagString: Untagged
  m_Icon: {fileID: 0}
  m_NavMeshLayer: 0
  m_StaticEditorFlags: 0
  m_IsActive: 1
--- !u!4 &8295356184516859238
Transform:
  m_ObjectHideFlags: 0
  m_CorrespondingSourceObject: {fileID: 0}
  m_PrefabInstance: {fileID: 0}
  m_PrefabAsset: {fileID: 0}
  m_GameObject: {fileID: 8295356184516364614}
  m_LocalRotation: {x: 0, y: -0, z: -0, w: 1}
  m_LocalPosition: {x: -0, y: 0, z: 0}
  m_LocalScale: {x: 1, y: 1, z: 1}
  m_Children: []
  m_Father: {fileID: 8295356184516859236}
  m_RootOrder: 0
  m_LocalEulerAnglesHint: {x: 0, y: 0, z: 0}
--- !u!137 &8295356184519541828
SkinnedMeshRenderer:
  m_ObjectHideFlags: 0
  m_CorrespondingSourceObject: {fileID: 0}
  m_PrefabInstance: {fileID: 0}
  m_PrefabAsset: {fileID: 0}
  m_GameObject: {fileID: 8295356184516364614}
  m_Enabled: 1
  m_CastShadows: 1
  m_ReceiveShadows: 1
  m_DynamicOccludee: 1
  m_MotionVectors: 1
  m_LightProbeUsage: 0
  m_ReflectionProbeUsage: 1
  m_RenderingLayerMask: 1
  m_RendererPriority: 0
  m_Materials:
  - {fileID: 2100000, guid: 8b80dc1528f0e484caffd647f123bdd6, type: 2}
  m_StaticBatchInfo:
    firstSubMesh: 0
    subMeshCount: 0
  m_StaticBatchRoot: {fileID: 0}
  m_ProbeAnchor: {fileID: 0}
  m_LightProbeVolumeOverride: {fileID: 0}
  m_ScaleInLightmap: 1
  m_PreserveUVs: 0
  m_IgnoreNormalsForChartDetection: 0
  m_ImportantGI: 0
  m_StitchLightmapSeams: 0
  m_SelectedEditorRenderState: 3
  m_MinimumChartSize: 4
  m_AutoUVMaxDistance: 0.5
  m_AutoUVMaxAngle: 89
  m_LightmapParameters: {fileID: 0}
  m_SortingLayerID: 0
  m_SortingLayer: 0
  m_SortingOrder: 0
  serializedVersion: 2
  m_Quality: 0
  m_UpdateWhenOffscreen: 0
  m_SkinnedMotionVectors: 1
  m_Mesh: {fileID: 4300000, guid: 60977fd02627e9746a6773f6de2eceb9, type: 3}
  m_Bones:
  - {fileID: 8295356184516859232}
  - {fileID: 8295356184516859234}
  - {fileID: 8295356184516859244}
  - {fileID: 8295356184516859246}
  - {fileID: 8295356184516859240}
  - {fileID: 8295356184516859242}
  - {fileID: 8295356184516859252}
  - {fileID: 8295356184516859254}
  - {fileID: 8295356184516859248}
  - {fileID: 8295356184516859250}
  - {fileID: 8295356184516859260}
  - {fileID: 8295356184516859262}
  - {fileID: 8295356184516859256}
  - {fileID: 8295356184516859258}
  - {fileID: 8295356184516859204}
  - {fileID: 8295356184516859206}
  - {fileID: 8295356184516859200}
  - {fileID: 8295356184516859202}
  - {fileID: 8295356184516859212}
  - {fileID: 8295356184516859214}
  - {fileID: 8295356184516859208}
  - {fileID: 8295356184516859210}
  - {fileID: 8295356184516859220}
  - {fileID: 8295356184516859222}
  m_BlendShapeWeights: []
  m_RootBone: {fileID: 8295356184516859232}
  m_AABB:
    m_Center: {x: -0.00000047683716, y: 0.9040242, z: -0.28136975}
    m_Extent: {x: 2.299762, y: 1.104, z: 2.2810717}
  m_DirtyAABB: 0
--- !u!1 &8295356184516364616
GameObject:
  m_ObjectHideFlags: 0
  m_CorrespondingSourceObject: {fileID: 0}
  m_PrefabInstance: {fileID: 0}
  m_PrefabAsset: {fileID: 0}
  serializedVersion: 6
  m_Component:
  - component: {fileID: 8295356184516859262}
  - component: {fileID: 2867408434362509278}
  m_Layer: 9
  m_Name: FL_Lower_Leg
  m_TagString: Untagged
  m_Icon: {fileID: 0}
  m_NavMeshLayer: 0
  m_StaticEditorFlags: 0
  m_IsActive: 1
--- !u!4 &8295356184516859262
Transform:
  m_ObjectHideFlags: 0
  m_CorrespondingSourceObject: {fileID: 0}
  m_PrefabInstance: {fileID: 0}
  m_PrefabAsset: {fileID: 0}
  m_GameObject: {fileID: 8295356184516364616}
  m_LocalRotation: {x: 0.09233479, y: 0.14706452, z: 0.8340444, w: 0.52365667}
  m_LocalPosition: {x: -0.7248056, y: -1.07969185e-16, z: -1.6093917e-16}
  m_LocalScale: {x: 1, y: 1, z: 1}
  m_Children:
  - {fileID: 8295356184516859256}
  m_Father: {fileID: 8295356184516859260}
  m_RootOrder: 0
  m_LocalEulerAnglesHint: {x: 0, y: 0, z: 0}
--- !u!65 &2867408434362509278
BoxCollider:
  m_ObjectHideFlags: 0
  m_CorrespondingSourceObject: {fileID: 0}
  m_PrefabInstance: {fileID: 0}
  m_PrefabAsset: {fileID: 0}
  m_GameObject: {fileID: 8295356184516364616}
  m_Material: {fileID: 0}
  m_IsTrigger: 0
  m_Enabled: 0
  serializedVersion: 2
  m_Size: {x: 1.4362055, y: 1, z: 1}
  m_Center: {x: -0.21810275, y: -0.000000009067834, z: 0.000000063314005}
--- !u!1 &8295356184516364618
GameObject:
  m_ObjectHideFlags: 0
  m_CorrespondingSourceObject: {fileID: 0}
  m_PrefabInstance: {fileID: 0}
  m_PrefabAsset: {fileID: 0}
  serializedVersion: 6
  m_Component:
  - component: {fileID: 8295356184516859256}
  m_Layer: 9
  m_Name: FL_Lower_Leg_End
  m_TagString: Untagged
  m_Icon: {fileID: 0}
  m_NavMeshLayer: 0
  m_StaticEditorFlags: 0
  m_IsActive: 1
--- !u!4 &8295356184516859256
Transform:
  m_ObjectHideFlags: 0
  m_CorrespondingSourceObject: {fileID: 0}
  m_PrefabInstance: {fileID: 0}
  m_PrefabAsset: {fileID: 0}
  m_GameObject: {fileID: 8295356184516364618}
  m_LocalRotation: {x: 0.10816073, y: 0.9941334, z: 2.740416e-15, w: 1.3205935e-17}
  m_LocalPosition: {x: -1.5043225, y: 1.667734e-16, z: -3.3026932e-16}
  m_LocalScale: {x: 1, y: 1, z: 1}
  m_Children:
  - {fileID: 8295356184516859258}
  m_Father: {fileID: 8295356184516859262}
  m_RootOrder: 0
  m_LocalEulerAnglesHint: {x: 0, y: 0, z: 0}
--- !u!1 &8295356184516364620
GameObject:
  m_ObjectHideFlags: 0
  m_CorrespondingSourceObject: {fileID: 0}
  m_PrefabInstance: {fileID: 0}
  m_PrefabAsset: {fileID: 0}
  serializedVersion: 6
  m_Component:
  - component: {fileID: 8295356184516859250}
  m_Layer: 9
  m_Name: FL_Upper_Leg
  m_TagString: Untagged
  m_Icon: {fileID: 0}
  m_NavMeshLayer: 0
  m_StaticEditorFlags: 0
  m_IsActive: 1
--- !u!4 &8295356184516859250
Transform:
  m_ObjectHideFlags: 0
  m_CorrespondingSourceObject: {fileID: 0}
  m_PrefabInstance: {fileID: 0}
  m_PrefabAsset: {fileID: 0}
  m_GameObject: {fileID: 8295356184516364620}
  m_LocalRotation: {x: -0.14540267, y: -0.35079384, z: -0.055234857, w: 0.9234451}
  m_LocalPosition: {x: -0.727328, y: -0.036535602, z: 0.5182079}
  m_LocalScale: {x: 1, y: 1, z: 1}
  m_Children:
  - {fileID: 8295356184516859260}
  m_Father: {fileID: 8295356184516859234}
  m_RootOrder: 0
  m_LocalEulerAnglesHint: {x: 0, y: 0, z: 0}
--- !u!1 &8295356184516364622
GameObject:
  m_ObjectHideFlags: 0
  m_CorrespondingSourceObject: {fileID: 0}
  m_PrefabInstance: {fileID: 0}
  m_PrefabAsset: {fileID: 0}
  serializedVersion: 6
  m_Component:
  - component: {fileID: 8295356184516859260}
  m_Layer: 9
  m_Name: FL_Mid_Leg
  m_TagString: Untagged
  m_Icon: {fileID: 0}
  m_NavMeshLayer: 0
  m_StaticEditorFlags: 0
  m_IsActive: 1
--- !u!4 &8295356184516859260
Transform:
  m_ObjectHideFlags: 0
  m_CorrespondingSourceObject: {fileID: 0}
  m_PrefabInstance: {fileID: 0}
  m_PrefabAsset: {fileID: 0}
  m_GameObject: {fileID: 8295356184516364622}
  m_LocalRotation: {x: -0.16039115, y: 0.68867606, z: -0.16039115, w: 0.68867606}
  m_LocalPosition: {x: -0, y: -0.38260263, z: 0.34741703}
  m_LocalScale: {x: 1, y: 1, z: 1}
  m_Children:
  - {fileID: 8295356184516859262}
  m_Father: {fileID: 8295356184516859250}
  m_RootOrder: 0
  m_LocalEulerAnglesHint: {x: 0, y: 0, z: 0}
--- !u!1 &8295356184516364624
GameObject:
  m_ObjectHideFlags: 0
  m_CorrespondingSourceObject: {fileID: 0}
  m_PrefabInstance: {fileID: 0}
  m_PrefabAsset: {fileID: 0}
  serializedVersion: 6
  m_Component:
  - component: {fileID: 8295356184516859206}
  m_Layer: 9
  m_Name: FR_Mid_Leg
  m_TagString: Untagged
  m_Icon: {fileID: 0}
  m_NavMeshLayer: 0
  m_StaticEditorFlags: 0
  m_IsActive: 1
--- !u!4 &8295356184516859206
Transform:
  m_ObjectHideFlags: 0
  m_CorrespondingSourceObject: {fileID: 0}
  m_PrefabInstance: {fileID: 0}
  m_PrefabAsset: {fileID: 0}
  m_GameObject: {fileID: 8295356184516364624}
  m_LocalRotation: {x: -0.160391, y: 0.68867606, z: -0.160391, w: 0.68867606}
  m_LocalPosition: {x: -0, y: 0.38259998, z: -0.347417}
  m_LocalScale: {x: 1, y: 1, z: 1}
  m_Children:
  - {fileID: 8295356184516859200}
  m_Father: {fileID: 8295356184516859204}
  m_RootOrder: 0
  m_LocalEulerAnglesHint: {x: 0, y: 0, z: 0}
--- !u!1 &8295356184516364626
GameObject:
  m_ObjectHideFlags: 0
  m_CorrespondingSourceObject: {fileID: 0}
  m_PrefabInstance: {fileID: 0}
  m_PrefabAsset: {fileID: 0}
  serializedVersion: 6
  m_Component:
  - component: {fileID: 8295356184516859200}
  - component: {fileID: 8229057773819627053}
  m_Layer: 9
  m_Name: FR_Lower_Leg
  m_TagString: Untagged
  m_Icon: {fileID: 0}
  m_NavMeshLayer: 0
  m_StaticEditorFlags: 0
  m_IsActive: 1
--- !u!4 &8295356184516859200
Transform:
  m_ObjectHideFlags: 0
  m_CorrespondingSourceObject: {fileID: 0}
  m_PrefabInstance: {fileID: 0}
  m_PrefabAsset: {fileID: 0}
  m_GameObject: {fileID: 8295356184516364626}
  m_LocalRotation: {x: 0.09233461, y: 0.14706464, z: 0.83404434, w: 0.5236567}
  m_LocalPosition: {x: 0.72480613, y: 0.0000036379242, z: 1.4210854e-16}
  m_LocalScale: {x: 1, y: 1, z: 1}
  m_Children:
  - {fileID: 8295356184516859202}
  m_Father: {fileID: 8295356184516859206}
  m_RootOrder: 0
  m_LocalEulerAnglesHint: {x: 0, y: 0, z: 0}
--- !u!65 &8229057773819627053
BoxCollider:
  m_ObjectHideFlags: 0
  m_CorrespondingSourceObject: {fileID: 0}
  m_PrefabInstance: {fileID: 0}
  m_PrefabAsset: {fileID: 0}
  m_GameObject: {fileID: 8295356184516364626}
  m_Material: {fileID: 0}
  m_IsTrigger: 0
  m_Enabled: 0
  serializedVersion: 2
  m_Size: {x: 1.5745797, y: 1, z: 0.90568274}
  m_Center: {x: 0.28729022, y: -0.00000008687516, z: 0.04715862}
--- !u!1 &8295356184516364628
GameObject:
  m_ObjectHideFlags: 0
  m_CorrespondingSourceObject: {fileID: 0}
  m_PrefabInstance: {fileID: 0}
  m_PrefabAsset: {fileID: 0}
  serializedVersion: 6
  m_Component:
  - component: {fileID: 8295356184516859258}
  m_Layer: 9
  m_Name: FL_Foot
  m_TagString: Untagged
  m_Icon: {fileID: 0}
  m_NavMeshLayer: 0
  m_StaticEditorFlags: 0
  m_IsActive: 1
--- !u!4 &8295356184516859258
Transform:
  m_ObjectHideFlags: 0
  m_CorrespondingSourceObject: {fileID: 0}
  m_PrefabInstance: {fileID: 0}
  m_PrefabAsset: {fileID: 0}
  m_GameObject: {fileID: 8295356184516364628}
  m_LocalRotation: {x: -0.44298595, y: 0.55114734, z: 0.44298565, w: 0.5511477}
  m_LocalPosition: {x: 0.12026269, y: 0.040111005, z: -0.00000007732047}
  m_LocalScale: {x: 1, y: 1, z: 1}
  m_Children: []
  m_Father: {fileID: 8295356184516859256}
  m_RootOrder: 0
  m_LocalEulerAnglesHint: {x: 0, y: 0, z: 0}
--- !u!1 &8295356184516364630
GameObject:
  m_ObjectHideFlags: 0
  m_CorrespondingSourceObject: {fileID: 0}
  m_PrefabInstance: {fileID: 0}
  m_PrefabAsset: {fileID: 0}
  serializedVersion: 6
  m_Component:
  - component: {fileID: 8295356184516859204}
  m_Layer: 9
  m_Name: FR_Upper_Leg
  m_TagString: Untagged
  m_Icon: {fileID: 0}
  m_NavMeshLayer: 0
  m_StaticEditorFlags: 0
  m_IsActive: 1
--- !u!4 &8295356184516859204
Transform:
  m_ObjectHideFlags: 0
  m_CorrespondingSourceObject: {fileID: 0}
  m_PrefabInstance: {fileID: 0}
  m_PrefabAsset: {fileID: 0}
  m_GameObject: {fileID: 8295356184516364630}
  m_LocalRotation: {x: 0.9234451, y: 0.0552344, z: -0.35079402, w: 0.1454024}
  m_LocalPosition: {x: 0.727328, y: -0.036539998, z: 0.51820797}
  m_LocalScale: {x: 1, y: 1, z: 1}
  m_Children:
  - {fileID: 8295356184516859206}
  m_Father: {fileID: 8295356184516859234}
  m_RootOrder: 1
  m_LocalEulerAnglesHint: {x: 0, y: 0, z: 0}
--- !u!1 &8295356184516364632
GameObject:
  m_ObjectHideFlags: 0
  m_CorrespondingSourceObject: {fileID: 0}
  m_PrefabInstance: {fileID: 0}
  m_PrefabAsset: {fileID: 0}
  serializedVersion: 6
  m_Component:
  - component: {fileID: 8295356184516859246}
  m_Layer: 9
  m_Name: FrontPlate
  m_TagString: Untagged
  m_Icon: {fileID: 0}
  m_NavMeshLayer: 0
  m_StaticEditorFlags: 0
  m_IsActive: 1
--- !u!4 &8295356184516859246
Transform:
  m_ObjectHideFlags: 0
  m_CorrespondingSourceObject: {fileID: 0}
  m_PrefabInstance: {fileID: 0}
  m_PrefabAsset: {fileID: 0}
  m_GameObject: {fileID: 8295356184516364632}
  m_LocalRotation: {x: 0, y: -0, z: -0, w: 1}
  m_LocalPosition: {x: -0, y: 0.09673511, z: 0.66951287}
  m_LocalScale: {x: 1, y: 1, z: 1}
  m_Children: []
  m_Father: {fileID: 8295356184516859234}
  m_RootOrder: 2
  m_LocalEulerAnglesHint: {x: 0, y: 0, z: 0}
--- !u!1 &8295356184516364634
GameObject:
  m_ObjectHideFlags: 0
  m_CorrespondingSourceObject: {fileID: 0}
  m_PrefabInstance: {fileID: 0}
  m_PrefabAsset: {fileID: 0}
  serializedVersion: 6
  m_Component:
  - component: {fileID: 8295356184516859240}
  m_Layer: 9
  m_Name: RL_Upper_Leg
  m_TagString: Untagged
  m_Icon: {fileID: 0}
  m_NavMeshLayer: 0
  m_StaticEditorFlags: 0
  m_IsActive: 1
--- !u!4 &8295356184516859240
Transform:
  m_ObjectHideFlags: 0
  m_CorrespondingSourceObject: {fileID: 0}
  m_PrefabInstance: {fileID: 0}
  m_PrefabAsset: {fileID: 0}
  m_GameObject: {fileID: 8295356184516364634}
  m_LocalRotation: {x: 0.24462456, y: 0.23994699, z: -0.06261872, w: 0.93737036}
  m_LocalPosition: {x: -0.727328, y: -0.036535602, z: -0.63449764}
  m_LocalScale: {x: 1, y: 1, z: 1}
  m_Children:
  - {fileID: 8295356184516859242}
  m_Father: {fileID: 8295356184516859234}
  m_RootOrder: 3
  m_LocalEulerAnglesHint: {x: 0, y: 0, z: 0}
--- !u!1 &8295356184516364636
GameObject:
  m_ObjectHideFlags: 0
  m_CorrespondingSourceObject: {fileID: 0}
  m_PrefabInstance: {fileID: 0}
  m_PrefabAsset: {fileID: 0}
  serializedVersion: 6
  m_Component:
  - component: {fileID: 8295356184516859202}
  m_Layer: 9
  m_Name: FR_Lower_Leg_End
  m_TagString: Untagged
  m_Icon: {fileID: 0}
  m_NavMeshLayer: 0
  m_StaticEditorFlags: 0
  m_IsActive: 1
--- !u!4 &8295356184516859202
Transform:
  m_ObjectHideFlags: 0
  m_CorrespondingSourceObject: {fileID: 0}
  m_PrefabInstance: {fileID: 0}
  m_PrefabAsset: {fileID: 0}
  m_GameObject: {fileID: 8295356184516364636}
  m_LocalRotation: {x: 0.10816073, y: 0.9941334, z: 1.8574482e-15, w: -8.286009e-17}
  m_LocalPosition: {x: 1.5043179, y: -0.000000038825796, z: 1.4210854e-16}
  m_LocalScale: {x: 1, y: 1, z: 1}
  m_Children:
  - {fileID: 8295356184516859212}
  m_Father: {fileID: 8295356184516859200}
  m_RootOrder: 0
  m_LocalEulerAnglesHint: {x: 0, y: 0, z: 0}
--- !u!1 &8295356184516364638
GameObject:
  m_ObjectHideFlags: 0
  m_CorrespondingSourceObject: {fileID: 0}
  m_PrefabInstance: {fileID: 0}
  m_PrefabAsset: {fileID: 0}
  serializedVersion: 6
  m_Component:
  - component: {fileID: 8295356184516859212}
  m_Layer: 9
  m_Name: FR_Foot
  m_TagString: Untagged
  m_Icon: {fileID: 0}
  m_NavMeshLayer: 0
  m_StaticEditorFlags: 0
  m_IsActive: 1
--- !u!4 &8295356184516859212
Transform:
  m_ObjectHideFlags: 0
  m_CorrespondingSourceObject: {fileID: 0}
  m_PrefabInstance: {fileID: 0}
  m_PrefabAsset: {fileID: 0}
  m_GameObject: {fileID: 8295356184516364638}
  m_LocalRotation: {x: -0.44298586, y: 0.55114746, z: 0.44298574, w: 0.5511476}
  m_LocalPosition: {x: -0.12026119, y: -0.040105693, z: 0.00000002678587}
  m_LocalScale: {x: 1, y: 1, z: 1}
  m_Children: []
  m_Father: {fileID: 8295356184516859202}
  m_RootOrder: 0
  m_LocalEulerAnglesHint: {x: 0, y: 0, z: 0}
--- !u!1001 &1254152928041321877
PrefabInstance:
  m_ObjectHideFlags: 0
  serializedVersion: 2
  m_Modification:
    m_TransformParent: {fileID: 8295356185162215769}
    m_Modifications:
    - target: {fileID: 8345804984027677168, guid: 6ed9522bc9870f44f8c981ff77eac1ee,
        type: 3}
      propertyPath: m_Name
      value: Orbital_Beam_Laser_1
      objectReference: {fileID: 0}
    - target: {fileID: 8345804984027677168, guid: 6ed9522bc9870f44f8c981ff77eac1ee,
        type: 3}
      propertyPath: m_Layer
      value: 9
      objectReference: {fileID: 0}
    - target: {fileID: 8345804985047272785, guid: 6ed9522bc9870f44f8c981ff77eac1ee,
        type: 3}
      propertyPath: m_Layer
      value: 9
      objectReference: {fileID: 0}
    - target: {fileID: 8345804984027668516, guid: 6ed9522bc9870f44f8c981ff77eac1ee,
        type: 3}
      propertyPath: m_Layer
      value: 9
      objectReference: {fileID: 0}
    - target: {fileID: 8345804984027470396, guid: 6ed9522bc9870f44f8c981ff77eac1ee,
        type: 3}
      propertyPath: m_Layer
      value: 9
      objectReference: {fileID: 0}
    - target: {fileID: 8345804984027452194, guid: 6ed9522bc9870f44f8c981ff77eac1ee,
        type: 3}
      propertyPath: m_Layer
      value: 9
      objectReference: {fileID: 0}
    - target: {fileID: 8345804984027443532, guid: 6ed9522bc9870f44f8c981ff77eac1ee,
        type: 3}
      propertyPath: m_LocalPosition.x
      value: 0.69
      objectReference: {fileID: 0}
    - target: {fileID: 8345804984027443532, guid: 6ed9522bc9870f44f8c981ff77eac1ee,
        type: 3}
      propertyPath: m_LocalPosition.y
      value: 0.778
      objectReference: {fileID: 0}
    - target: {fileID: 8345804984027443532, guid: 6ed9522bc9870f44f8c981ff77eac1ee,
        type: 3}
      propertyPath: m_LocalPosition.z
      value: 1.586
      objectReference: {fileID: 0}
    - target: {fileID: 8345804984027443532, guid: 6ed9522bc9870f44f8c981ff77eac1ee,
        type: 3}
      propertyPath: m_LocalRotation.x
      value: 0.7071068
      objectReference: {fileID: 0}
    - target: {fileID: 8345804984027443532, guid: 6ed9522bc9870f44f8c981ff77eac1ee,
        type: 3}
      propertyPath: m_LocalRotation.y
      value: -0
      objectReference: {fileID: 0}
    - target: {fileID: 8345804984027443532, guid: 6ed9522bc9870f44f8c981ff77eac1ee,
        type: 3}
      propertyPath: m_LocalRotation.z
      value: 4.1628543e-16
      objectReference: {fileID: 0}
    - target: {fileID: 8345804984027443532, guid: 6ed9522bc9870f44f8c981ff77eac1ee,
        type: 3}
      propertyPath: m_LocalRotation.w
      value: 0.7071068
      objectReference: {fileID: 0}
    - target: {fileID: 8345804984027443532, guid: 6ed9522bc9870f44f8c981ff77eac1ee,
        type: 3}
      propertyPath: m_RootOrder
      value: 7
      objectReference: {fileID: 0}
    - target: {fileID: 8345804984027443532, guid: 6ed9522bc9870f44f8c981ff77eac1ee,
        type: 3}
      propertyPath: m_LocalEulerAnglesHint.x
      value: 90
      objectReference: {fileID: 0}
    - target: {fileID: 8345804984027443532, guid: 6ed9522bc9870f44f8c981ff77eac1ee,
        type: 3}
      propertyPath: m_LocalEulerAnglesHint.y
      value: 0
      objectReference: {fileID: 0}
    - target: {fileID: 8345804984027443532, guid: 6ed9522bc9870f44f8c981ff77eac1ee,
        type: 3}
      propertyPath: m_LocalEulerAnglesHint.z
      value: 0
      objectReference: {fileID: 0}
    - target: {fileID: 8345804984288528734, guid: 6ed9522bc9870f44f8c981ff77eac1ee,
        type: 3}
      propertyPath: m_Layer
      value: 9
      objectReference: {fileID: 0}
    - target: {fileID: 8345804984027667688, guid: 6ed9522bc9870f44f8c981ff77eac1ee,
        type: 3}
      propertyPath: m_Layer
      value: 9
      objectReference: {fileID: 0}
    - target: {fileID: 8345804984027666542, guid: 6ed9522bc9870f44f8c981ff77eac1ee,
        type: 3}
      propertyPath: m_Layer
      value: 9
      objectReference: {fileID: 0}
    - target: {fileID: 8345804984027673892, guid: 6ed9522bc9870f44f8c981ff77eac1ee,
        type: 3}
      propertyPath: m_Layer
      value: 9
      objectReference: {fileID: 0}
    - target: {fileID: 8345804984027645182, guid: 6ed9522bc9870f44f8c981ff77eac1ee,
        type: 3}
      propertyPath: m_Layer
      value: 9
      objectReference: {fileID: 0}
    - target: {fileID: 8345804984027645900, guid: 6ed9522bc9870f44f8c981ff77eac1ee,
        type: 3}
      propertyPath: m_Layer
      value: 9
      objectReference: {fileID: 0}
    - target: {fileID: 8345804984027651474, guid: 6ed9522bc9870f44f8c981ff77eac1ee,
        type: 3}
      propertyPath: m_Layer
      value: 9
      objectReference: {fileID: 0}
    - target: {fileID: 8345804984027653418, guid: 6ed9522bc9870f44f8c981ff77eac1ee,
        type: 3}
      propertyPath: m_Layer
      value: 9
      objectReference: {fileID: 0}
    - target: {fileID: 8345804984027658110, guid: 6ed9522bc9870f44f8c981ff77eac1ee,
        type: 3}
      propertyPath: m_Layer
      value: 9
      objectReference: {fileID: 0}
    - target: {fileID: 8345804984027660210, guid: 6ed9522bc9870f44f8c981ff77eac1ee,
        type: 3}
      propertyPath: m_Layer
      value: 9
      objectReference: {fileID: 0}
    - target: {fileID: 8345804984027659952, guid: 6ed9522bc9870f44f8c981ff77eac1ee,
        type: 3}
      propertyPath: m_Layer
      value: 9
      objectReference: {fileID: 0}
    - target: {fileID: 8345804984027697776, guid: 6ed9522bc9870f44f8c981ff77eac1ee,
        type: 3}
      propertyPath: m_Layer
      value: 9
      objectReference: {fileID: 0}
    - target: {fileID: 8345804984027702998, guid: 6ed9522bc9870f44f8c981ff77eac1ee,
        type: 3}
      propertyPath: m_Layer
      value: 9
      objectReference: {fileID: 0}
    - target: {fileID: 8345804984027706658, guid: 6ed9522bc9870f44f8c981ff77eac1ee,
        type: 3}
      propertyPath: m_Layer
      value: 9
      objectReference: {fileID: 0}
    - target: {fileID: 8345804984027708648, guid: 6ed9522bc9870f44f8c981ff77eac1ee,
        type: 3}
      propertyPath: m_Layer
      value: 9
      objectReference: {fileID: 0}
    - target: {fileID: 8345804984027708520, guid: 6ed9522bc9870f44f8c981ff77eac1ee,
        type: 3}
      propertyPath: m_Layer
      value: 9
      objectReference: {fileID: 0}
    - target: {fileID: 8345804984027682432, guid: 6ed9522bc9870f44f8c981ff77eac1ee,
        type: 3}
      propertyPath: m_Layer
      value: 9
      objectReference: {fileID: 0}
    - target: {fileID: 8345804984027685630, guid: 6ed9522bc9870f44f8c981ff77eac1ee,
        type: 3}
      propertyPath: m_Layer
      value: 9
      objectReference: {fileID: 0}
    - target: {fileID: 8345804984027689030, guid: 6ed9522bc9870f44f8c981ff77eac1ee,
        type: 3}
      propertyPath: m_Layer
      value: 9
      objectReference: {fileID: 0}
    - target: {fileID: 8345804984027691160, guid: 6ed9522bc9870f44f8c981ff77eac1ee,
        type: 3}
      propertyPath: m_Layer
      value: 9
      objectReference: {fileID: 0}
    - target: {fileID: 8345804984027614960, guid: 6ed9522bc9870f44f8c981ff77eac1ee,
        type: 3}
      propertyPath: m_Layer
      value: 9
      objectReference: {fileID: 0}
    - target: {fileID: 8345804984027614778, guid: 6ed9522bc9870f44f8c981ff77eac1ee,
        type: 3}
      propertyPath: m_Layer
      value: 9
      objectReference: {fileID: 0}
    - target: {fileID: 8345804984027463746, guid: 6ed9522bc9870f44f8c981ff77eac1ee,
        type: 3}
      propertyPath: m_Layer
      value: 9
      objectReference: {fileID: 0}
    - target: {fileID: 8345804984027466748, guid: 6ed9522bc9870f44f8c981ff77eac1ee,
        type: 3}
      propertyPath: m_Layer
      value: 9
      objectReference: {fileID: 0}
    - target: {fileID: 8345804984027468448, guid: 6ed9522bc9870f44f8c981ff77eac1ee,
        type: 3}
      propertyPath: m_Layer
      value: 9
      objectReference: {fileID: 0}
    - target: {fileID: 8345804984027475088, guid: 6ed9522bc9870f44f8c981ff77eac1ee,
        type: 3}
      propertyPath: m_Layer
      value: 9
      objectReference: {fileID: 0}
    - target: {fileID: 8345804984027474362, guid: 6ed9522bc9870f44f8c981ff77eac1ee,
        type: 3}
      propertyPath: m_Layer
      value: 9
      objectReference: {fileID: 0}
    - target: {fileID: 8345804984027477002, guid: 6ed9522bc9870f44f8c981ff77eac1ee,
        type: 3}
      propertyPath: m_Layer
      value: 9
      objectReference: {fileID: 0}
    - target: {fileID: 8345804984027453228, guid: 6ed9522bc9870f44f8c981ff77eac1ee,
        type: 3}
      propertyPath: m_Layer
      value: 9
      objectReference: {fileID: 0}
    - target: {fileID: 8345804984027454636, guid: 6ed9522bc9870f44f8c981ff77eac1ee,
        type: 3}
      propertyPath: m_Layer
      value: 9
      objectReference: {fileID: 0}
    - target: {fileID: 8345804984027456266, guid: 6ed9522bc9870f44f8c981ff77eac1ee,
        type: 3}
      propertyPath: m_Layer
      value: 9
      objectReference: {fileID: 0}
    m_RemovedComponents: []
  m_SourcePrefab: {fileID: 100100000, guid: 6ed9522bc9870f44f8c981ff77eac1ee, type: 3}
--- !u!1 &7112841991175932100 stripped
GameObject:
  m_CorrespondingSourceObject: {fileID: 8345804985047272785, guid: 6ed9522bc9870f44f8c981ff77eac1ee,
    type: 3}
  m_PrefabInstance: {fileID: 1254152928041321877}
  m_PrefabAsset: {fileID: 0}
--- !u!1 &7112841992262698085 stripped
GameObject:
  m_CorrespondingSourceObject: {fileID: 8345804984027677168, guid: 6ed9522bc9870f44f8c981ff77eac1ee,
    type: 3}
  m_PrefabInstance: {fileID: 1254152928041321877}
  m_PrefabAsset: {fileID: 0}
--- !u!1 &7112841992262866615 stripped
GameObject:
  m_CorrespondingSourceObject: {fileID: 8345804984027452194, guid: 6ed9522bc9870f44f8c981ff77eac1ee,
    type: 3}
  m_PrefabInstance: {fileID: 1254152928041321877}
  m_PrefabAsset: {fileID: 0}
--- !u!1 &7112841992262852521 stripped
GameObject:
  m_CorrespondingSourceObject: {fileID: 8345804984027470396, guid: 6ed9522bc9870f44f8c981ff77eac1ee,
    type: 3}
  m_PrefabInstance: {fileID: 1254152928041321877}
  m_PrefabAsset: {fileID: 0}
--- !u!1 &7112841992262657457 stripped
GameObject:
  m_CorrespondingSourceObject: {fileID: 8345804984027668516, guid: 6ed9522bc9870f44f8c981ff77eac1ee,
    type: 3}
  m_PrefabInstance: {fileID: 1254152928041321877}
  m_PrefabAsset: {fileID: 0}
--- !u!1001 &8295356183511479243
PrefabInstance:
  m_ObjectHideFlags: 0
  serializedVersion: 2
  m_Modification:
    m_TransformParent: {fileID: 8295356185162215769}
    m_Modifications:
    - target: {fileID: 100000, guid: 329aea7e1c70d514887ed1ff90f020e4, type: 3}
      propertyPath: m_Name
      value: Antenna_Short
      objectReference: {fileID: 0}
    - target: {fileID: 100000, guid: 329aea7e1c70d514887ed1ff90f020e4, type: 3}
      propertyPath: m_Layer
      value: 9
      objectReference: {fileID: 0}
    - target: {fileID: 400000, guid: 329aea7e1c70d514887ed1ff90f020e4, type: 3}
      propertyPath: m_LocalPosition.x
      value: -0.3812342
      objectReference: {fileID: 0}
    - target: {fileID: 400000, guid: 329aea7e1c70d514887ed1ff90f020e4, type: 3}
      propertyPath: m_LocalPosition.y
      value: 1.2538438
      objectReference: {fileID: 0}
    - target: {fileID: 400000, guid: 329aea7e1c70d514887ed1ff90f020e4, type: 3}
      propertyPath: m_LocalPosition.z
      value: -0.25345933
      objectReference: {fileID: 0}
    - target: {fileID: 400000, guid: 329aea7e1c70d514887ed1ff90f020e4, type: 3}
      propertyPath: m_LocalRotation.x
      value: 0
      objectReference: {fileID: 0}
    - target: {fileID: 400000, guid: 329aea7e1c70d514887ed1ff90f020e4, type: 3}
      propertyPath: m_LocalRotation.y
      value: -0
      objectReference: {fileID: 0}
    - target: {fileID: 400000, guid: 329aea7e1c70d514887ed1ff90f020e4, type: 3}
      propertyPath: m_LocalRotation.z
      value: -0
      objectReference: {fileID: 0}
    - target: {fileID: 400000, guid: 329aea7e1c70d514887ed1ff90f020e4, type: 3}
      propertyPath: m_LocalRotation.w
      value: 1
      objectReference: {fileID: 0}
    - target: {fileID: 400000, guid: 329aea7e1c70d514887ed1ff90f020e4, type: 3}
      propertyPath: m_RootOrder
      value: 5
      objectReference: {fileID: 0}
    - target: {fileID: 400000, guid: 329aea7e1c70d514887ed1ff90f020e4, type: 3}
      propertyPath: m_LocalEulerAnglesHint.x
      value: 0
      objectReference: {fileID: 0}
    - target: {fileID: 400000, guid: 329aea7e1c70d514887ed1ff90f020e4, type: 3}
      propertyPath: m_LocalEulerAnglesHint.y
      value: 0
      objectReference: {fileID: 0}
    - target: {fileID: 400000, guid: 329aea7e1c70d514887ed1ff90f020e4, type: 3}
      propertyPath: m_LocalEulerAnglesHint.z
      value: 0
      objectReference: {fileID: 0}
    - target: {fileID: 100002, guid: 329aea7e1c70d514887ed1ff90f020e4, type: 3}
      propertyPath: m_Layer
      value: 9
      objectReference: {fileID: 0}
    m_RemovedComponents: []
  m_SourcePrefab: {fileID: 100100000, guid: 329aea7e1c70d514887ed1ff90f020e4, type: 3}
--- !u!1001 &8295356184227912710
PrefabInstance:
  m_ObjectHideFlags: 0
  serializedVersion: 2
  m_Modification:
    m_TransformParent: {fileID: 8295356185162215763}
    m_Modifications:
    - target: {fileID: 100000, guid: cbe626afcfb68814194fc158684d1e6b, type: 3}
      propertyPath: m_Name
      value: Weapon_Shock_Rifle_lvl2
      objectReference: {fileID: 0}
    - target: {fileID: 100000, guid: cbe626afcfb68814194fc158684d1e6b, type: 3}
      propertyPath: m_Layer
      value: 9
      objectReference: {fileID: 0}
    - target: {fileID: 400000, guid: cbe626afcfb68814194fc158684d1e6b, type: 3}
      propertyPath: m_LocalPosition.x
      value: -0
      objectReference: {fileID: 0}
    - target: {fileID: 400000, guid: cbe626afcfb68814194fc158684d1e6b, type: 3}
      propertyPath: m_LocalPosition.y
      value: 0
      objectReference: {fileID: 0}
    - target: {fileID: 400000, guid: cbe626afcfb68814194fc158684d1e6b, type: 3}
      propertyPath: m_LocalPosition.z
      value: 0
      objectReference: {fileID: 0}
    - target: {fileID: 400000, guid: cbe626afcfb68814194fc158684d1e6b, type: 3}
      propertyPath: m_LocalRotation.x
      value: 0
      objectReference: {fileID: 0}
    - target: {fileID: 400000, guid: cbe626afcfb68814194fc158684d1e6b, type: 3}
      propertyPath: m_LocalRotation.y
      value: -0
      objectReference: {fileID: 0}
    - target: {fileID: 400000, guid: cbe626afcfb68814194fc158684d1e6b, type: 3}
      propertyPath: m_LocalRotation.z
      value: -0
      objectReference: {fileID: 0}
    - target: {fileID: 400000, guid: cbe626afcfb68814194fc158684d1e6b, type: 3}
      propertyPath: m_LocalRotation.w
      value: 1
      objectReference: {fileID: 0}
    - target: {fileID: 400000, guid: cbe626afcfb68814194fc158684d1e6b, type: 3}
      propertyPath: m_RootOrder
      value: 0
      objectReference: {fileID: 0}
    - target: {fileID: 400000, guid: cbe626afcfb68814194fc158684d1e6b, type: 3}
      propertyPath: m_LocalEulerAnglesHint.x
      value: 0
      objectReference: {fileID: 0}
    - target: {fileID: 400000, guid: cbe626afcfb68814194fc158684d1e6b, type: 3}
      propertyPath: m_LocalEulerAnglesHint.y
      value: 0
      objectReference: {fileID: 0}
    - target: {fileID: 400000, guid: cbe626afcfb68814194fc158684d1e6b, type: 3}
      propertyPath: m_LocalEulerAnglesHint.z
      value: 0
      objectReference: {fileID: 0}
    - target: {fileID: 100002, guid: cbe626afcfb68814194fc158684d1e6b, type: 3}
      propertyPath: m_Layer
      value: 9
      objectReference: {fileID: 0}
    - target: {fileID: 100004, guid: cbe626afcfb68814194fc158684d1e6b, type: 3}
      propertyPath: m_Layer
      value: 9
      objectReference: {fileID: 0}
    m_RemovedComponents: []
  m_SourcePrefab: {fileID: 100100000, guid: cbe626afcfb68814194fc158684d1e6b, type: 3}
--- !u!1001 &8295356184737007554
PrefabInstance:
  m_ObjectHideFlags: 0
  serializedVersion: 2
  m_Modification:
    m_TransformParent: {fileID: 8295356185162215775}
    m_Modifications:
    - target: {fileID: 100000, guid: c54bc877b077538459ea7285e34193ed, type: 3}
      propertyPath: m_Name
      value: Top_Weapon_Platform
      objectReference: {fileID: 0}
    - target: {fileID: 100000, guid: c54bc877b077538459ea7285e34193ed, type: 3}
      propertyPath: m_Layer
      value: 9
      objectReference: {fileID: 0}
    - target: {fileID: 400000, guid: c54bc877b077538459ea7285e34193ed, type: 3}
      propertyPath: m_LocalPosition.x
      value: 0
      objectReference: {fileID: 0}
    - target: {fileID: 400000, guid: c54bc877b077538459ea7285e34193ed, type: 3}
      propertyPath: m_LocalPosition.y
      value: 0
      objectReference: {fileID: 0}
    - target: {fileID: 400000, guid: c54bc877b077538459ea7285e34193ed, type: 3}
      propertyPath: m_LocalPosition.z
      value: 0
      objectReference: {fileID: 0}
    - target: {fileID: 400000, guid: c54bc877b077538459ea7285e34193ed, type: 3}
      propertyPath: m_LocalRotation.x
      value: 0
      objectReference: {fileID: 0}
    - target: {fileID: 400000, guid: c54bc877b077538459ea7285e34193ed, type: 3}
      propertyPath: m_LocalRotation.y
      value: 0
      objectReference: {fileID: 0}
    - target: {fileID: 400000, guid: c54bc877b077538459ea7285e34193ed, type: 3}
      propertyPath: m_LocalRotation.z
      value: 0.7071068
      objectReference: {fileID: 0}
    - target: {fileID: 400000, guid: c54bc877b077538459ea7285e34193ed, type: 3}
      propertyPath: m_LocalRotation.w
      value: 0.7071068
      objectReference: {fileID: 0}
    - target: {fileID: 400000, guid: c54bc877b077538459ea7285e34193ed, type: 3}
      propertyPath: m_RootOrder
      value: 0
      objectReference: {fileID: 0}
    - target: {fileID: 400000, guid: c54bc877b077538459ea7285e34193ed, type: 3}
      propertyPath: m_LocalEulerAnglesHint.x
      value: 0
      objectReference: {fileID: 0}
    - target: {fileID: 400000, guid: c54bc877b077538459ea7285e34193ed, type: 3}
      propertyPath: m_LocalEulerAnglesHint.y
      value: 0
      objectReference: {fileID: 0}
    - target: {fileID: 400000, guid: c54bc877b077538459ea7285e34193ed, type: 3}
      propertyPath: m_LocalEulerAnglesHint.z
      value: 0
      objectReference: {fileID: 0}
    - target: {fileID: 100004, guid: c54bc877b077538459ea7285e34193ed, type: 3}
      propertyPath: m_Layer
      value: 9
      objectReference: {fileID: 0}
    - target: {fileID: 100002, guid: c54bc877b077538459ea7285e34193ed, type: 3}
      propertyPath: m_Layer
      value: 9
      objectReference: {fileID: 0}
    m_RemovedComponents: []
  m_SourcePrefab: {fileID: 100100000, guid: c54bc877b077538459ea7285e34193ed, type: 3}
--- !u!1001 &8295356184976039739
PrefabInstance:
  m_ObjectHideFlags: 0
  serializedVersion: 2
  m_Modification:
    m_TransformParent: {fileID: 8295356185162215761}
    m_Modifications:
    - target: {fileID: 100000, guid: 60757288cecaa1c4dbcd3b9584e38b7a, type: 3}
      propertyPath: m_Name
      value: HalfShoulder_Bot
      objectReference: {fileID: 0}
    - target: {fileID: 100000, guid: 60757288cecaa1c4dbcd3b9584e38b7a, type: 3}
      propertyPath: m_Layer
      value: 9
      objectReference: {fileID: 0}
    - target: {fileID: 400000, guid: 60757288cecaa1c4dbcd3b9584e38b7a, type: 3}
      propertyPath: m_LocalPosition.x
      value: 0
      objectReference: {fileID: 0}
    - target: {fileID: 400000, guid: 60757288cecaa1c4dbcd3b9584e38b7a, type: 3}
      propertyPath: m_LocalPosition.y
      value: 0
      objectReference: {fileID: 0}
    - target: {fileID: 400000, guid: 60757288cecaa1c4dbcd3b9584e38b7a, type: 3}
      propertyPath: m_LocalPosition.z
      value: 0
      objectReference: {fileID: 0}
    - target: {fileID: 400000, guid: 60757288cecaa1c4dbcd3b9584e38b7a, type: 3}
      propertyPath: m_LocalRotation.x
      value: 0
      objectReference: {fileID: 0}
    - target: {fileID: 400000, guid: 60757288cecaa1c4dbcd3b9584e38b7a, type: 3}
      propertyPath: m_LocalRotation.y
      value: -0
      objectReference: {fileID: 0}
    - target: {fileID: 400000, guid: 60757288cecaa1c4dbcd3b9584e38b7a, type: 3}
      propertyPath: m_LocalRotation.z
      value: -0
      objectReference: {fileID: 0}
    - target: {fileID: 400000, guid: 60757288cecaa1c4dbcd3b9584e38b7a, type: 3}
      propertyPath: m_LocalRotation.w
      value: 1
      objectReference: {fileID: 0}
    - target: {fileID: 400000, guid: 60757288cecaa1c4dbcd3b9584e38b7a, type: 3}
      propertyPath: m_RootOrder
      value: 0
      objectReference: {fileID: 0}
    - target: {fileID: 400000, guid: 60757288cecaa1c4dbcd3b9584e38b7a, type: 3}
      propertyPath: m_LocalEulerAnglesHint.x
      value: 0
      objectReference: {fileID: 0}
    - target: {fileID: 400000, guid: 60757288cecaa1c4dbcd3b9584e38b7a, type: 3}
      propertyPath: m_LocalEulerAnglesHint.y
      value: 0
      objectReference: {fileID: 0}
    - target: {fileID: 400000, guid: 60757288cecaa1c4dbcd3b9584e38b7a, type: 3}
      propertyPath: m_LocalEulerAnglesHint.z
      value: 0
      objectReference: {fileID: 0}
    - target: {fileID: 100006, guid: 60757288cecaa1c4dbcd3b9584e38b7a, type: 3}
      propertyPath: m_Layer
      value: 9
      objectReference: {fileID: 0}
    - target: {fileID: 100004, guid: 60757288cecaa1c4dbcd3b9584e38b7a, type: 3}
      propertyPath: m_Layer
      value: 9
      objectReference: {fileID: 0}
    - target: {fileID: 100002, guid: 60757288cecaa1c4dbcd3b9584e38b7a, type: 3}
      propertyPath: m_Layer
      value: 9
      objectReference: {fileID: 0}
    - target: {fileID: 100008, guid: 60757288cecaa1c4dbcd3b9584e38b7a, type: 3}
      propertyPath: m_Layer
      value: 9
      objectReference: {fileID: 0}
    m_RemovedComponents: []
  m_SourcePrefab: {fileID: 100100000, guid: 60757288cecaa1c4dbcd3b9584e38b7a, type: 3}
--- !u!1001 &8295356185161821145
PrefabInstance:
  m_ObjectHideFlags: 0
  serializedVersion: 2
  m_Modification:
    m_TransformParent: {fileID: 8295356184516859216}
    m_Modifications:
    - target: {fileID: 100000, guid: c247f4754f5b779409e3dc67bf84273e, type: 3}
      propertyPath: m_Name
      value: Cockpit_Gun_2x
      objectReference: {fileID: 0}
    - target: {fileID: 100000, guid: c247f4754f5b779409e3dc67bf84273e, type: 3}
      propertyPath: m_Layer
      value: 9
      objectReference: {fileID: 0}
    - target: {fileID: 400000, guid: c247f4754f5b779409e3dc67bf84273e, type: 3}
      propertyPath: m_LocalPosition.x
      value: 0
      objectReference: {fileID: 0}
    - target: {fileID: 400000, guid: c247f4754f5b779409e3dc67bf84273e, type: 3}
      propertyPath: m_LocalPosition.y
      value: 0
      objectReference: {fileID: 0}
    - target: {fileID: 400000, guid: c247f4754f5b779409e3dc67bf84273e, type: 3}
      propertyPath: m_LocalPosition.z
      value: 0
      objectReference: {fileID: 0}
    - target: {fileID: 400000, guid: c247f4754f5b779409e3dc67bf84273e, type: 3}
      propertyPath: m_LocalRotation.x
      value: 0
      objectReference: {fileID: 0}
    - target: {fileID: 400000, guid: c247f4754f5b779409e3dc67bf84273e, type: 3}
      propertyPath: m_LocalRotation.y
      value: -0
      objectReference: {fileID: 0}
    - target: {fileID: 400000, guid: c247f4754f5b779409e3dc67bf84273e, type: 3}
      propertyPath: m_LocalRotation.z
      value: -0
      objectReference: {fileID: 0}
    - target: {fileID: 400000, guid: c247f4754f5b779409e3dc67bf84273e, type: 3}
      propertyPath: m_LocalRotation.w
      value: 1
      objectReference: {fileID: 0}
    - target: {fileID: 400000, guid: c247f4754f5b779409e3dc67bf84273e, type: 3}
      propertyPath: m_RootOrder
      value: 1
      objectReference: {fileID: 0}
    - target: {fileID: 400000, guid: c247f4754f5b779409e3dc67bf84273e, type: 3}
      propertyPath: m_LocalEulerAnglesHint.x
      value: 0
      objectReference: {fileID: 0}
    - target: {fileID: 400000, guid: c247f4754f5b779409e3dc67bf84273e, type: 3}
      propertyPath: m_LocalEulerAnglesHint.y
      value: 0
      objectReference: {fileID: 0}
    - target: {fileID: 400000, guid: c247f4754f5b779409e3dc67bf84273e, type: 3}
      propertyPath: m_LocalEulerAnglesHint.z
      value: 0
      objectReference: {fileID: 0}
    - target: {fileID: 100004, guid: c247f4754f5b779409e3dc67bf84273e, type: 3}
      propertyPath: m_Layer
      value: 9
      objectReference: {fileID: 0}
    - target: {fileID: 100006, guid: c247f4754f5b779409e3dc67bf84273e, type: 3}
      propertyPath: m_Layer
      value: 9
      objectReference: {fileID: 0}
    - target: {fileID: 100002, guid: c247f4754f5b779409e3dc67bf84273e, type: 3}
      propertyPath: m_Layer
      value: 9
      objectReference: {fileID: 0}
    - target: {fileID: 100008, guid: c247f4754f5b779409e3dc67bf84273e, type: 3}
      propertyPath: m_Layer
      value: 9
      objectReference: {fileID: 0}
    - target: {fileID: 100010, guid: c247f4754f5b779409e3dc67bf84273e, type: 3}
      propertyPath: m_Layer
      value: 9
      objectReference: {fileID: 0}
    m_RemovedComponents: []
  m_SourcePrefab: {fileID: 100100000, guid: c247f4754f5b779409e3dc67bf84273e, type: 3}
--- !u!4 &8295356185162215769 stripped
Transform:
  m_CorrespondingSourceObject: {fileID: 400000, guid: c247f4754f5b779409e3dc67bf84273e,
    type: 3}
  m_PrefabInstance: {fileID: 8295356185161821145}
  m_PrefabAsset: {fileID: 0}
--- !u!4 &8295356185162215775 stripped
Transform:
  m_CorrespondingSourceObject: {fileID: 400006, guid: c247f4754f5b779409e3dc67bf84273e,
    type: 3}
  m_PrefabInstance: {fileID: 8295356185161821145}
  m_PrefabAsset: {fileID: 0}
--- !u!4 &8295356185162215761 stripped
Transform:
  m_CorrespondingSourceObject: {fileID: 400008, guid: c247f4754f5b779409e3dc67bf84273e,
    type: 3}
  m_PrefabInstance: {fileID: 8295356185161821145}
  m_PrefabAsset: {fileID: 0}
--- !u!4 &8295356185162215763 stripped
Transform:
  m_CorrespondingSourceObject: {fileID: 400010, guid: c247f4754f5b779409e3dc67bf84273e,
    type: 3}
  m_PrefabInstance: {fileID: 8295356185161821145}
  m_PrefabAsset: {fileID: 0}
--- !u!1 &8295356185161854329 stripped
GameObject:
  m_CorrespondingSourceObject: {fileID: 100000, guid: c247f4754f5b779409e3dc67bf84273e,
    type: 3}
  m_PrefabInstance: {fileID: 8295356185161821145}
  m_PrefabAsset: {fileID: 0}
--- !u!1001 &9075794648032863170
PrefabInstance:
  m_ObjectHideFlags: 0
  serializedVersion: 2
  m_Modification:
    m_TransformParent: {fileID: 8295356184516859236}
    m_Modifications:
    - target: {fileID: 1753253006014629257, guid: 79aa5abddee4a1548b2ac26beceb6230,
        type: 3}
      propertyPath: m_Name
      value: EnemyHp
      objectReference: {fileID: 0}
    - target: {fileID: 1753253006014629257, guid: 79aa5abddee4a1548b2ac26beceb6230,
        type: 3}
      propertyPath: m_Layer
      value: 9
      objectReference: {fileID: 0}
    - target: {fileID: 1753253006014629256, guid: 79aa5abddee4a1548b2ac26beceb6230,
        type: 3}
      propertyPath: m_LocalPosition.x
      value: 0
      objectReference: {fileID: 0}
    - target: {fileID: 1753253006014629256, guid: 79aa5abddee4a1548b2ac26beceb6230,
        type: 3}
      propertyPath: m_LocalPosition.y
      value: 0
      objectReference: {fileID: 0}
    - target: {fileID: 1753253006014629256, guid: 79aa5abddee4a1548b2ac26beceb6230,
        type: 3}
      propertyPath: m_LocalPosition.z
      value: 0.06
      objectReference: {fileID: 0}
    - target: {fileID: 1753253006014629256, guid: 79aa5abddee4a1548b2ac26beceb6230,
        type: 3}
      propertyPath: m_LocalRotation.x
      value: -0
      objectReference: {fileID: 0}
    - target: {fileID: 1753253006014629256, guid: 79aa5abddee4a1548b2ac26beceb6230,
        type: 3}
      propertyPath: m_LocalRotation.y
      value: 0.9926
      objectReference: {fileID: 0}
    - target: {fileID: 1753253006014629256, guid: 79aa5abddee4a1548b2ac26beceb6230,
        type: 3}
      propertyPath: m_LocalRotation.z
      value: -0
      objectReference: {fileID: 0}
    - target: {fileID: 1753253006014629256, guid: 79aa5abddee4a1548b2ac26beceb6230,
        type: 3}
      propertyPath: m_LocalRotation.w
      value: 0.12142967
      objectReference: {fileID: 0}
    - target: {fileID: 1753253006014629256, guid: 79aa5abddee4a1548b2ac26beceb6230,
        type: 3}
      propertyPath: m_RootOrder
      value: 2
      objectReference: {fileID: 0}
    - target: {fileID: 1753253006014629256, guid: 79aa5abddee4a1548b2ac26beceb6230,
        type: 3}
      propertyPath: m_LocalEulerAnglesHint.x
      value: 0
      objectReference: {fileID: 0}
    - target: {fileID: 1753253006014629256, guid: 79aa5abddee4a1548b2ac26beceb6230,
        type: 3}
      propertyPath: m_LocalEulerAnglesHint.y
      value: 0
      objectReference: {fileID: 0}
    - target: {fileID: 1753253006014629256, guid: 79aa5abddee4a1548b2ac26beceb6230,
        type: 3}
      propertyPath: m_LocalEulerAnglesHint.z
      value: 0
      objectReference: {fileID: 0}
    - target: {fileID: 1753253006014629256, guid: 79aa5abddee4a1548b2ac26beceb6230,
        type: 3}
      propertyPath: m_AnchoredPosition.x
      value: -0.02
      objectReference: {fileID: 0}
    - target: {fileID: 1753253006014629256, guid: 79aa5abddee4a1548b2ac26beceb6230,
        type: 3}
      propertyPath: m_AnchoredPosition.y
      value: 4.32
      objectReference: {fileID: 0}
    - target: {fileID: 1753253006014629256, guid: 79aa5abddee4a1548b2ac26beceb6230,
        type: 3}
      propertyPath: m_SizeDelta.x
      value: 0.85
      objectReference: {fileID: 0}
    - target: {fileID: 1753253006014629256, guid: 79aa5abddee4a1548b2ac26beceb6230,
        type: 3}
      propertyPath: m_SizeDelta.y
      value: 0.04
      objectReference: {fileID: 0}
    - target: {fileID: 1753253006014629256, guid: 79aa5abddee4a1548b2ac26beceb6230,
        type: 3}
      propertyPath: m_AnchorMin.x
      value: 0
      objectReference: {fileID: 0}
    - target: {fileID: 1753253006014629256, guid: 79aa5abddee4a1548b2ac26beceb6230,
        type: 3}
      propertyPath: m_AnchorMin.y
      value: 0
      objectReference: {fileID: 0}
    - target: {fileID: 1753253006014629256, guid: 79aa5abddee4a1548b2ac26beceb6230,
        type: 3}
      propertyPath: m_AnchorMax.x
      value: 0
      objectReference: {fileID: 0}
    - target: {fileID: 1753253006014629256, guid: 79aa5abddee4a1548b2ac26beceb6230,
        type: 3}
      propertyPath: m_AnchorMax.y
      value: 0
      objectReference: {fileID: 0}
    - target: {fileID: 1753253006014629256, guid: 79aa5abddee4a1548b2ac26beceb6230,
        type: 3}
      propertyPath: m_Pivot.x
      value: 0.5
      objectReference: {fileID: 0}
    - target: {fileID: 1753253006014629256, guid: 79aa5abddee4a1548b2ac26beceb6230,
        type: 3}
      propertyPath: m_Pivot.y
      value: 0.5
      objectReference: {fileID: 0}
    - target: {fileID: 1753253004498195695, guid: 79aa5abddee4a1548b2ac26beceb6230,
        type: 3}
      propertyPath: m_Layer
      value: 9
      objectReference: {fileID: 0}
    - target: {fileID: 1753253005643524193, guid: 79aa5abddee4a1548b2ac26beceb6230,
        type: 3}
      propertyPath: m_Layer
      value: 9
      objectReference: {fileID: 0}
    m_RemovedComponents: []
  m_SourcePrefab: {fileID: 100100000, guid: 79aa5abddee4a1548b2ac26beceb6230, type: 3}
--- !u!224 &7324961258032113226 stripped
RectTransform:
  m_CorrespondingSourceObject: {fileID: 1753253006014629256, guid: 79aa5abddee4a1548b2ac26beceb6230,
    type: 3}
  m_PrefabInstance: {fileID: 9075794648032863170}
  m_PrefabAsset: {fileID: 0}
